https://www.techguruplus.com/tdl/
https://www.youtube.com/watch?v=RnmeQPsyPtM

    update users u inner join companies c on u.companies_id = c.id inner join addresses a on c.addresses_id = a.id 
    set u.password = MD5(CONCAT('A9074#321', a.phone1, salt, 'Arihant')), u.login_name = concat(c.code, '.mbt')
    WHERE u.sysroles_id = 4030
    AND  c.id = 10421;


    update users u inner join companies c on u.companies_id = c.id inner join addresses a on c.addresses_id = a.id 
    set u.password = MD5(CONCAT('A9074#321', a.phone1, salt, 'Arihant')), u.login_name = concat(c.code, '.mbt')
    WHERE u.sysroles_id = 4030
    AND  c.id IN (10124, 10902);


    update users u inner join companies c on u.companies_id = c.id inner join addresses a on c.addresses_id = a.id 
    set u.password = MD5(CONCAT('A9074#321', a.phone1, salt, 'Arihant')), u.login_name = concat(c.code, '.mbt')
    WHERE u.sysroles_id = 4030
    AND  c.id = 10156;

    update users u inner join companies c on u.companies_id = c.id inner join addresses a on c.addresses_id = a.id 
    set u.password = MD5(CONCAT('A9074#321', a.phone1, salt, 'Arihant')), u.login_name = concat(c.code, '.mbt')
    WHERE u.sysroles_id = 4005
    AND  c.id = 10019;


    -- kajol
    update users u inner join addresses a on u.addresses_id = a.id 
    set u.password = MD5(CONCAT('A9074#321', a.phone1, salt, 'Arihant'))
    WHERE u.id = 752;


    100244.mbt/9425348024
    100026.mbt/


=================================
Find Ledger Request
=================================
<ENVELOPE>
    <HEADER>
        <VERSION>1</VERSION>
        <TALLYREQUEST>EXPORT</TALLYREQUEST>
        <TYPE>COLLECTION</TYPE>
        <ID>Collection of Ledgers</ID>
    </HEADER>
    <BODY>
        <DESC>
            <STATICVARIABLES>
                <SVCURRENTCOMPANY>M.Bharatkumar 2014-15</SVCURRENTCOMPANY>
            </STATICVARIABLES>
            <TDL>
                <TDLMESSAGE>
                    <COLLECTION NAME="Collection of Ledgers" ISMODIFY="No" ISFIXED="No" ISINITIALIZE="No" ISOPTION="No" ISINTERNAL="No">
                        <TYPE>Ledger</TYPE>
                        <NATIVEMETHOD>NAME</NATIVEMETHOD>
                        <NATIVEMETHOD>Address</NATIVEMETHOD>
                        <NATIVEMETHOD>City</NATIVEMETHOD>
                        <NATIVEMETHOD>UDFPAYMENTTERM</NATIVEMETHOD>
                        <NATIVEMETHOD>OpeningBalance</NATIVEMETHOD>
                        <NATIVEMETHOD>ClosingBalance</NATIVEMETHOD>
                        <FILTERS>MYFILTER</FILTERS>
                    </COLLECTION>
                    <SYSTEM TYPE="Formulae" NAME="MYFILTER" ISMOIFY="NO" ISFIXED="NO" ISINTERNAL="NO">$UDFPAYMENTTERM = "50 Days"</SYSTEM>
                </TDLMESSAGE>
            </TDL>
        </DESC>
    </BODY>
</ENVELOPE>

<ENVELOPE>
    <HEADER>
        <VERSION>1</VERSION>
        <TALLYREQUEST>EXPORT</TALLYREQUEST>
        <TYPE>COLLECTION</TYPE>
        <ID>Collection of Ledgers</ID>
    </HEADER>
    <BODY>
        <DESC>
            <STATICVARIABLES>
                <SVCURRENTCOMPANY>M.Bharatkumar 2014-15</SVCURRENTCOMPANY>
            </STATICVARIABLES>
            <TDL>
                <TDLMESSAGE>
                    <COLLECTION NAME="Collection of Ledgers" ISMODIFY="No" ISFIXED="No" ISINITIALIZE="No" ISOPTION="No" ISINTERNAL="No">
                        <TYPE>Ledger</TYPE>
                        <NATIVEMETHOD>Parent</NATIVEMETHOD>
                        <NATIVEMETHOD>NAME</NATIVEMETHOD>
                    <NATIVEMETHOD>UDFSIMPLYTEXTILECUSTOMERCODE</NATIVEMETHOD>
                        <NATIVEMETHOD>Address</NATIVEMETHOD>
                        <NATIVEMETHOD>OpeningBalance</NATIVEMETHOD>
                        <NATIVEMETHOD>ClosingBalance</NATIVEMETHOD>
                        <FILTERS>MYFILTER</FILTERS>
                    </COLLECTION>
                    <SYSTEM TYPE="Formulae" NAME="MYFILTER" ISMOIFY="NO" ISFIXED="NO" ISINTERNAL="NO">$UDFSimplyTextileCustomerCode is not null</SYSTEM>
                </TDLMESSAGE>
            </TDL>
        </DESC>
    </BODY>
</ENVELOPE>

=================================
Create Ledger Request
=================================
<ENVELOPE>
    <HEADER>
        <VERSION>1</VERSION>
        <TALLYREQUEST>IMPORT</TALLYREQUEST>
        <TYPE>DATA</TYPE>
        <ID>All Masters</ID>
    </HEADER>
    <BODY>
        <DESC>
            <STATICVARIABLES>
                <IMPORTDUPS>@@DUPCOMBINE</IMPORTDUPS>
                <SVCURRENTCOMPANY>M.Bharatkumar 2014-15</SVCURRENTCOMPANY>
            </STATICVARIABLES>
        </DESC>
        <DATA>
            <TALLYMESSAGE>
                <LEDGER Action="Alter" Name="Maitri Shah">
                    <PARENT>Dr - G P Shah</PARENT>
                    <ADDRESS>10 Tagore Park, Nehrunagar Cross Road</ADDRESS>
                    <STATENAME>Gujarat</STATENAME>
                    <UDFPAYMENTTERM>41 DAYS</UDFPAYMENTTERM>
                    <PINCODE>380015</PINCODE>
                    <BILLCREDITPERIOD>120</BILLCREDITPERIOD>
                    <CREDITLIMIT>145000</CREDITLIMIT>
                    <OPENINGBALANCE>-200</OPENINGBALANCE> <!-- this is not needed for alter -->
                    <LANGUAGENAME.LIST>
                          <NAME.LIST TYPE="String">
                           <NAME>Maitri Shah</NAME>
                           <NAME>Maitri</NAME>
                          </NAME.LIST>
                          <LANGUAGEID TYPE="Number"> 1033</LANGUAGEID>
                    </LANGUAGENAME.LIST>                    
                </LEDGER>
            </TALLYMESSAGE>
        </DATA>
    </BODY>
 </ENVELOPE>

=================================
Create Ledger Response
=================================

<ENVELOPE>
<HEADER>
<VERSION>1</VERSION>
<STATUS>1</STATUS>
 </HEADER>
<BODY>
<DATA>
<IMPORTRESULT>
<CREATED>1</CREATED>
<ALTERED>0</ALTERED>
<DELETED>0</DELETED>
<LASTVCHID>0</LASTVCHID>
<LASTMID>0</LASTMID>
<COMBINED>0</COMBINED>
<IGNORED>0</IGNORED>
<ERRORS>0</ERRORS>
<CANCELLED>0</CANCELLED>
 </IMPORTRESULT>
</DATA>
<DESC>
<CMPINFO>
<COMPANY>0</COMPANY>
<GROUP>0</GROUP>
<LEDGER>1</LEDGER>
<COSTCATEGORY>0</COSTCATEGORY>
<COSTCENTRE>0</COSTCENTRE>
<GODOWN>0</GODOWN>
<STOCKGROUP>0</STOCKGROUP>
<STOCKCATEGORY>0</STOCKCATEGORY>
<STOCKITEM>0</STOCKITEM>
<VOUCHERTYPE>0</VOUCHERTYPE>
<CURRENCY>0</CURRENCY>
<UNIT>0</UNIT>
<BUDGET>0</BUDGET>
<CLIENTRULE>0</CLIENTRULE>
<SERVERRULE>0</SERVERRULE>
<STATE>0</STATE>
<TDSRATE>0</TDSRATE>
<TAXCLASSIFICATION>0</TAXCLASSIFICATION>
<STCATEGORY>0</STCATEGORY>
<DEDUCTEETYPE>0</DEDUCTEETYPE>
<ATTENDANCETYPE>0</ATTENDANCETYPE>
<FBTCATEGORY>0</FBTCATEGORY>
<FBTASSESSEETYPE>0</FBTASSESSEETYPE>
<TARIFFCLASSIFICATION>0</TARIFFCLASSIFICATION>
<EXCISEDUTYCLASSIFICATION>0</EXCISEDUTYCLASSIFICATION>
<SERIALNUMBER>0</SERIALNUMBER>
<ADJUSTMENTCLASSIFICATION>0</ADJUSTMENTCLASSIFICATION>
<INCOMETAXSLAB>0</INCOMETAXSLAB>
<INCOMETAXCLASSIFICATION>0</INCOMETAXCLASSIFICATION>
<LBTCLASSIFICATION>0</LBTCLASSIFICATION>
<TAXUNIT>0</TAXUNIT>
<RETURNMASTER>0</RETURNMASTER>
<VOUCHER>0</VOUCHER>
 </CMPINFO>
</DESC>
 </BODY>
 </ENVELOPE>

=================================
Retrieve Ledgers Request
=================================
Sample 1:
 <ENVELOPE>
	<HEADER>
		<VERSION>1</VERSION>
		<TALLYREQUEST>EXPORT</TALLYREQUEST>
		<TYPE>COLLECTION</TYPE>
		<ID>Collection of Ledgers</ID>
	</HEADER>
	<BODY>
		<DESC>
			<TDL>
				<TDLMESSAGE>
					<COLLECTION NAME="Collection of Ledgers" ISMODIFY="No" ISFIXED="No" ISINITIALIZE="No" ISOPTION="No" ISINTERNAL="No">
 						<TYPE>Ledger</TYPE>
 					</COLLECTION>
				</TDLMESSAGE>
			</TDL>
		</DESC>
	</BODY>
</ENVELOPE>

Sample 2: <!-- company name is given in this request -->
<ENVELOPE>
	<HEADER>
		<VERSION>1</VERSION>
		<TALLYREQUEST>EXPORT</TALLYREQUEST>
		<TYPE>COLLECTION</TYPE>
		<ID>Collection of Ledgers</ID>
	</HEADER>
	<BODY>
		<DESC>
			<STATICVARIABLES>
				<SVCURRENTCOMPANY>M.Bharatkumar 2014-15</SVCURRENTCOMPANY>
			</STATICVARIABLES>
			<TDL>
				<TDLMESSAGE>
					<COLLECTION NAME="Collection of Ledgers" ISMODIFY="No" ISFIXED="No" ISINITIALIZE="No" ISOPTION="No" ISINTERNAL="No">
 						<TYPE>Ledger</TYPE>
 					</COLLECTION>
				</TDLMESSAGE>
			</TDL>
		</DESC>
	</BODY>
</ENVELOPE>

=================================
Retrieve Ledgers Response
=================================
<ENVELOPE>
 <HEADER>
  <VERSION>1</VERSION>
  <STATUS>1</STATUS>
 </HEADER>
 <BODY>
  <DESC>
   <CMPINFO>
    <COMPANY>0</COMPANY>
    <GROUP>0</GROUP>
    <LEDGER>0</LEDGER>
    <COSTCATEGORY>0</COSTCATEGORY>
    <COSTCENTRE>0</COSTCENTRE>
    <GODOWN>0</GODOWN>
    <STOCKGROUP>0</STOCKGROUP>
    <STOCKCATEGORY>0</STOCKCATEGORY>
    <STOCKITEM>0</STOCKITEM>
    <VOUCHERTYPE>0</VOUCHERTYPE>
    <CURRENCY>0</CURRENCY>
    <UNIT>0</UNIT>
    <BUDGET>0</BUDGET>
    <CLIENTRULE>0</CLIENTRULE>
    <SERVERRULE>0</SERVERRULE>
    <STATE>0</STATE>
    <TDSRATE>0</TDSRATE>
    <TAXCLASSIFICATION>0</TAXCLASSIFICATION>
    <STCATEGORY>0</STCATEGORY>
    <DEDUCTEETYPE>0</DEDUCTEETYPE>
    <ATTENDANCETYPE>0</ATTENDANCETYPE>
    <FBTCATEGORY>0</FBTCATEGORY>
    <FBTASSESSEETYPE>0</FBTASSESSEETYPE>
    <TARIFFCLASSIFICATION>0</TARIFFCLASSIFICATION>
    <EXCISEDUTYCLASSIFICATION>0</EXCISEDUTYCLASSIFICATION>
    <SERIALNUMBER>0</SERIALNUMBER>
    <ADJUSTMENTCLASSIFICATION>0</ADJUSTMENTCLASSIFICATION>
    <INCOMETAXSLAB>0</INCOMETAXSLAB>
    <INCOMETAXCLASSIFICATION>0</INCOMETAXCLASSIFICATION>
    <LBTCLASSIFICATION>0</LBTCLASSIFICATION>
    <TAXUNIT>0</TAXUNIT>
    <RETURNMASTER>0</RETURNMASTER>
    <VOUCHER>0</VOUCHER>
   </CMPINFO>
  </DESC>
  <DATA>
   <COLLECTION ISMSTDEPTYPE="Yes" MSTDEPTYPE="8">
    <LEDGER NAME="A.A. Associates (Baroda)" RESERVEDNAME="">    </LEDGER>
    <LEDGER NAME="Aabad Cloth ( Panchkuva )" RESERVEDNAME="">    </LEDGER>
    <LEDGER NAME="Aadinath Designer &amp; Fashion Pvt Ltd (Kodinar)" RESERVEDNAME="">    </LEDGER>
    <LEDGER NAME="Zync -Zquad 10.1 Tablat" RESERVEDNAME="">    </LEDGER>
   </COLLECTION>
  </DATA>
 </BODY>
</ENVELOPE>


===============================================
Retrieve Ledger Request as Object with balance
===============================================

<ENVELOPE>
 <HEADER>
 <VERSION>1</VERSION>
 <TALLYREQUEST>EXPORT</TALLYREQUEST>
 <TYPE>OBJECT</TYPE>
 <SUBTYPE>Ledger</SUBTYPE>
 <ID TYPE="Name">A B Corporation ( Banglore)</ID>
 </HEADER>
 <BODY>
 <DESC>
 <STATICVARIABLES>
 	<SVEXPORTFORMAT>$$SysName:XML</SVEXPORTFORMAT>
 </STATICVARIABLES>
 <FETCHLIST>
 	<FETCH>Name</FETCH>
 	<FETCH>TNetBalance</FETCH>
    <FETCH>ClosingBalance</FETCH>
    <FETCH>Alias</FETCH>
 	<FETCH>LedgerPhone</FETCH>
 </FETCHLIST>
 <TDL>
 	<TDLMESSAGE>
 		<OBJECT NAME="Ledger" ISINITIALIZE="Yes">
 		</OBJECT>
 	</TDLMESSAGE>
 </TDL>
 </DESC>
 </BODY>
</ENVELOPE>

===============================================
Retrieve Ledger Response as Object with balance
===============================================

<ENVELOPE>
 <HEADER>
  <VERSION>1</VERSION>
  <STATUS>1</STATUS>
 </HEADER>
 <BODY>
  <DESC>
   <CMPINFO>
    <COMPANY>0</COMPANY>
    <GROUP>0</GROUP>
    <LEDGER>0</LEDGER>
    <COSTCATEGORY>0</COSTCATEGORY>
    <COSTCENTRE>0</COSTCENTRE>
    <GODOWN>0</GODOWN>
    <STOCKGROUP>0</STOCKGROUP>
    <STOCKCATEGORY>0</STOCKCATEGORY>
    <STOCKITEM>0</STOCKITEM>
    <VOUCHERTYPE>0</VOUCHERTYPE>
    <CURRENCY>0</CURRENCY>
    <UNIT>0</UNIT>
    <BUDGET>0</BUDGET>
    <CLIENTRULE>0</CLIENTRULE>
    <SERVERRULE>0</SERVERRULE>
    <STATE>0</STATE>
    <TDSRATE>0</TDSRATE>
    <TAXCLASSIFICATION>0</TAXCLASSIFICATION>
    <STCATEGORY>0</STCATEGORY>
    <DEDUCTEETYPE>0</DEDUCTEETYPE>
    <ATTENDANCETYPE>0</ATTENDANCETYPE>
    <FBTCATEGORY>0</FBTCATEGORY>
    <FBTASSESSEETYPE>0</FBTASSESSEETYPE>
    <TARIFFCLASSIFICATION>0</TARIFFCLASSIFICATION>
    <EXCISEDUTYCLASSIFICATION>0</EXCISEDUTYCLASSIFICATION>
    <SERIALNUMBER>0</SERIALNUMBER>
    <ADJUSTMENTCLASSIFICATION>0</ADJUSTMENTCLASSIFICATION>
    <INCOMETAXSLAB>0</INCOMETAXSLAB>
    <INCOMETAXCLASSIFICATION>0</INCOMETAXCLASSIFICATION>
    <LBTCLASSIFICATION>0</LBTCLASSIFICATION>
    <TAXUNIT>0</TAXUNIT>
    <RETURNMASTER>0</RETURNMASTER>
    <VOUCHER>0</VOUCHER>
   </CMPINFO>
  </DESC>
  <DATA>
   <TALLYMESSAGE>
    <LEDGER NAME="A B Corporation ( Banglore)" RESERVEDNAME="" ID="2318" REQNAME="A B Corporation ( Banglore)">
     <PARENT TYPE="String">Dr - G P Shah</PARENT>
     <TAXTYPE TYPE="String">Others</TAXTYPE>
     <ISBILLWISEON TYPE="Logical">Yes</ISBILLWISEON>
     <ISCOSTCENTRESON TYPE="Logical">No</ISCOSTCENTRESON>
     <ISREVENUE TYPE="Logical">No</ISREVENUE>
     <ISDEEMEDPOSITIVE TYPE="Logical">Yes</ISDEEMEDPOSITIVE>
     <CANDELETE TYPE="Logical">No</CANDELETE>
     <FORPAYROLL TYPE="Logical">No</FORPAYROLL>
     <MASTERID TYPE="Number"> 2318</MASTERID>
     <LANGUAGENAME.LIST>
      <NAME.LIST TYPE="String">
       <NAME>A B Corporation ( Banglore)</NAME>
       <NAME>ABC - Bangalore</NAME>
      </NAME.LIST>
      <LANGUAGEID TYPE="Number"> 1033</LANGUAGEID>
     </LANGUAGENAME.LIST>
    </LEDGER>
   </TALLYMESSAGE>
  </DATA>
 </BODY>
</ENVELOPE>


======================================
Retrieve Ledger Request with balance
======================================

<ENVELOPE>
	<HEADER>
		<VERSION>1</VERSION>
		<TALLYREQUEST>EXPORT</TALLYREQUEST>
		<TYPE>COLLECTION</TYPE>
		<ID>Collection of Ledgers</ID>
	</HEADER>
	<BODY>
		<DESC>
			<STATICVARIABLES>
				<SVCURRENTCOMPANY>M.Bharatkumar 2014-15</SVCURRENTCOMPANY>
			</STATICVARIABLES>
			<TDL>
				<TDLMESSAGE>
					<COLLECTION NAME="Collection of Ledgers" ISMODIFY="No" ISFIXED="No" ISINITIALIZE="No" ISOPTION="No" ISINTERNAL="No">
 						<TYPE>Ledger</TYPE>
                    	<NATIVEMETHOD>Parent</NATIVEMETHOD>
                        <NATIVEMETHOD>NAME</NATIVEMETHOD>
                        <NATIVEMETHOD>Address</NATIVEMETHOD>
                    	<NATIVEMETHOD>OpeningBalance</NATIVEMETHOD>
                    	<NATIVEMETHOD>ClosingBalance</NATIVEMETHOD>
                        <FILTERS>MYFILTER</FILTERS>
 					</COLLECTION>
                    <SYSTEM TYPE="Formulae" NAME="MYFILTER" ISMOIFY="NO" ISFIXED="NO" ISINTERNAL="NO">$Name = "A B Corporation (Banglore)" and $parent = 'Dr - G P Shah'</SYSTEM>
				</TDLMESSAGE>
			</TDL>
		</DESC>
	</BODY>
</ENVELOPE>

======================================
Retrieve Ledger Response with balance
======================================
<ENVELOPE>
 <HEADER>
  <VERSION>1</VERSION>
  <STATUS>1</STATUS>
 </HEADER>
 <BODY>
  <DESC>
   <CMPINFO>
    <COMPANY>0</COMPANY>
    <GROUP>0</GROUP>
    <LEDGER>0</LEDGER>
    <COSTCATEGORY>0</COSTCATEGORY>
    <COSTCENTRE>0</COSTCENTRE>
    <GODOWN>0</GODOWN>
    <STOCKGROUP>0</STOCKGROUP>
    <STOCKCATEGORY>0</STOCKCATEGORY>
    <STOCKITEM>0</STOCKITEM>
    <VOUCHERTYPE>0</VOUCHERTYPE>
    <CURRENCY>0</CURRENCY>
    <UNIT>0</UNIT>
    <BUDGET>0</BUDGET>
    <CLIENTRULE>0</CLIENTRULE>
    <SERVERRULE>0</SERVERRULE>
    <STATE>0</STATE>
    <TDSRATE>0</TDSRATE>
    <TAXCLASSIFICATION>0</TAXCLASSIFICATION>
    <STCATEGORY>0</STCATEGORY>
    <DEDUCTEETYPE>0</DEDUCTEETYPE>
    <ATTENDANCETYPE>0</ATTENDANCETYPE>
    <FBTCATEGORY>0</FBTCATEGORY>
    <FBTASSESSEETYPE>0</FBTASSESSEETYPE>
    <TARIFFCLASSIFICATION>0</TARIFFCLASSIFICATION>
    <EXCISEDUTYCLASSIFICATION>0</EXCISEDUTYCLASSIFICATION>
    <SERIALNUMBER>0</SERIALNUMBER>
    <ADJUSTMENTCLASSIFICATION>0</ADJUSTMENTCLASSIFICATION>
    <INCOMETAXSLAB>0</INCOMETAXSLAB>
    <INCOMETAXCLASSIFICATION>0</INCOMETAXCLASSIFICATION>
    <LBTCLASSIFICATION>0</LBTCLASSIFICATION>
    <TAXUNIT>0</TAXUNIT>
    <RETURNMASTER>0</RETURNMASTER>
    <VOUCHER>0</VOUCHER>
   </CMPINFO>
  </DESC>
  <DATA>
   <COLLECTION ISMSTDEPTYPE="Yes" MSTDEPTYPE="8">
    <LEDGER NAME="A.A. Associates (Baroda)" RESERVEDNAME="">
     <PARENT TYPE="String">Dr - Akshay B Shah</PARENT>
     <CLOSINGBALANCE TYPE="Amount"></CLOSINGBALANCE>
     <OPENINGBALANCE TYPE="Amount">0.00</OPENINGBALANCE>
    </LEDGER>
    <LEDGER NAME="Yogi Handloom-Gondle" RESERVEDNAME="">
     <PARENT TYPE="String">Dr - SVP (North Guj.)</PARENT>
     <CLOSINGBALANCE TYPE="Amount"></CLOSINGBALANCE>
     <OPENINGBALANCE TYPE="Amount">0.00</OPENINGBALANCE>
    </LEDGER>
    <LEDGER NAME="Yogi Trading Co. (Gandhinagar)" RESERVEDNAME="">
     <PARENT TYPE="String">Dr - SVP (North Guj.)</PARENT>
     <CLOSINGBALANCE TYPE="Amount"></CLOSINGBALANCE>
     <OPENINGBALANCE TYPE="Amount">0.00</OPENINGBALANCE>
    </LEDGER>
    <LEDGER NAME="Your Provision - Surat" RESERVEDNAME="">
     <PARENT TYPE="String">Dr - ABS (Surat)</PARENT>
     <CLOSINGBALANCE TYPE="Amount"></CLOSINGBALANCE>
     <OPENINGBALANCE TYPE="Amount">0.00</OPENINGBALANCE>
    </LEDGER>
    <LEDGER NAME="Yug Exports (Tirupur)" RESERVEDNAME="">
     <PARENT TYPE="String">Cr - Tamilnadu,Karur,Erode</PARENT>
     <CLOSINGBALANCE TYPE="Amount">0.00</CLOSINGBALANCE>
     <OPENINGBALANCE TYPE="Amount">0.00</OPENINGBALANCE>
    </LEDGER>
    <LEDGER NAME="Zain Rexin&apos;s &amp; Furnishing (Kerala)" RESERVEDNAME="">
     <PARENT TYPE="String">Dr - Sandip B Shah</PARENT>
     <CLOSINGBALANCE TYPE="Amount"></CLOSINGBALANCE>
     <OPENINGBALANCE TYPE="Amount">0.00</OPENINGBALANCE>
    </LEDGER>
    <LEDGER NAME="Zaveri Brothers (Jamnagar)" RESERVEDNAME="">
     <PARENT TYPE="String">Dr - PTA (Saurashtra)</PARENT>
     <CLOSINGBALANCE TYPE="Amount"></CLOSINGBALANCE>
     <OPENINGBALANCE TYPE="Amount">0.00</OPENINGBALANCE>
    </LEDGER>
    <LEDGER NAME="Zaveri Kapoorchand Hajaramal (Jamnagar)" RESERVEDNAME="">
     <PARENT TYPE="String">Dr - PTA (Saurashtra)</PARENT>
     <CLOSINGBALANCE TYPE="Amount"></CLOSINGBALANCE>
     <OPENINGBALANCE TYPE="Amount">0.00</OPENINGBALANCE>
    </LEDGER>
    <LEDGER NAME="Zumartmal Ratanlal (Kolkatta)" RESERVEDNAME="">
     <PARENT TYPE="String">Dr - Chopra Agencies (Kolkata)</PARENT>
     <CLOSINGBALANCE TYPE="Amount">0.00</CLOSINGBALANCE>
     <OPENINGBALANCE TYPE="Amount">0.00</OPENINGBALANCE>
    </LEDGER>
    <LEDGER NAME="Zync -Zquad 10.1 Tablat" RESERVEDNAME="">
     <PARENT TYPE="String">Fixed Assets (15%)</PARENT>
     <CLOSINGBALANCE TYPE="Amount">-12983.00</CLOSINGBALANCE>
     <OPENINGBALANCE TYPE="Amount">-12983.00</OPENINGBALANCE>
    </LEDGER>
   </COLLECTION>
  </DATA>
 </BODY>
</ENVELOPE>

=================================
Balance Sheet Request
=================================

 <ENVELOPE>
	<HEADER>
		<VERSION>1</VERSION>
		<TALLYREQUEST>EXPORT</TALLYREQUEST>
		<TYPE>Data</TYPE>
		<ID>Balance Sheet</ID>
	</HEADER>
	<BODY>
		<DESC>
			<STATICVARIABLES>
				<SVCURRENTCOMPANY>M.Bharatkumar 2014-15</SVCURRENTCOMPANY>
				<EXPLODEFLAG>Yes</EXPLODEFLAG>
				<SVEXPORTFORMAT>$$SysName:XML</SVEXPORTFORMAT>
			</STATICVARIABLES>
		</DESC>
	</BODY>
</ENVELOPE>


=================================
Balance Sheet Response
=================================

<!-- Create Stock Group named "$group_name" -->
<TALLYMESSAGE xmlns:UDF="TallyUDF">
<STOCKGROUP NAME="{$group_name}" ACTION="Create">
<NAME.LIST>
<NAME>{$group_name}</NAME>
</NAME.LIST>
<PARENT/>
<ISADDABLE>Yes</ISADDABLE>
</STOCKGROUP>
</TALLYMESSAGE>

<!-- Create Stock Item named "$item_name" -->
<TALLYMESSAGE xmlns:UDF="TallyUDF">
<STOCKITEM NAME="{$item_name}" ACTION="Create">
<NAME.LIST>
<NAME>{$item_name}</NAME>
</NAME.LIST>
<PARENT>{$group_name}</PARENT>


<BATCHALLOCATIONS.LIST>
<NAME>Primary Batch</NAME>
<BATCHNAME>Primary Batch</BATCHNAME>
<GODOWNNAME>Main Location</GODOWNNAME>
<MFDON>20190120</MFDON>
<OPENINGBALANCE>0.000 NOS</OPENINGBALANCE>
<OPENINGVALUE>0.000</OPENINGVALUE>
<OPENINGRATE>0.000/NOS</OPENINGRATE>
</BATCHALLOCATIONS.LIST>
</STOCKITEM>
</TALLYMESSAGE>
</REQUESTDATA>
</IMPORTDATA>
</BODY>
</ENVELOPE>

=================================
Balance Sheet Response
=================================

<ENVELOPE>
<BSNAME>
<DSPACCNAME>
<DSPDISPNAME>Capital Account</DSPDISPNAME>
</DSPACCNAME>
</BSNAME>
<BSAMT>
<BSSUBAMT />
<BSMAINAMT>5193317.42</BSMAINAMT>
 </BSAMT>
<BSNAME>
<DSPACCNAME>
<DSPDISPNAME>Ritesh Bhartbhai Shah (Capital)</DSPDISPNAME>
</DSPACCNAME>
</BSNAME>
<BSAMT>
<BSSUBAMT>3176375.08</BSSUBAMT>
<BSMAINAMT />
 </BSAMT>
<BSNAME>
<DSPACCNAME>
<DSPDISPNAME>Surendra Dalsukhram Shah (Cap)</DSPDISPNAME>
</DSPACCNAME>
</BSNAME>
<BSAMT>
<BSSUBAMT>2016942.34</BSSUBAMT>
<BSMAINAMT />
 </BSAMT>
<BSNAME>
<DSPACCNAME>
<DSPDISPNAME>Loans (Liability)</DSPDISPNAME>
</DSPACCNAME>
</BSNAME>
<BSAMT>
<BSSUBAMT />
<BSMAINAMT>86226558.09</BSMAINAMT>
 </BSAMT>
<BSNAME>
<DSPACCNAME>
<DSPDISPNAME>Bank OD A/c</DSPDISPNAME>
</DSPACCNAME>
</BSNAME>
<BSAMT>
<BSSUBAMT>30869220.70</BSSUBAMT>
<BSMAINAMT />
 </BSAMT>
<BSNAME>
<DSPACCNAME>
<DSPDISPNAME>Secured Loans</DSPDISPNAME>
</DSPACCNAME>
</BSNAME>
<BSAMT>
<BSSUBAMT>41216.79</BSSUBAMT>
<BSMAINAMT />
 </BSAMT>
<BSNAME>
<DSPACCNAME>
<DSPDISPNAME>Unsecured Loans</DSPDISPNAME>
</DSPACCNAME>
</BSNAME>
<BSAMT>
<BSSUBAMT>55316120.60</BSSUBAMT>
<BSMAINAMT />
 </BSAMT>
<BSNAME>
<DSPACCNAME>
<DSPDISPNAME>Current Liabilities</DSPDISPNAME>
</DSPACCNAME>
</BSNAME>
<BSAMT>
<BSSUBAMT />
<BSMAINAMT>28091829.34</BSMAINAMT>
 </BSAMT>
<BSNAME>
<DSPACCNAME>
<DSPDISPNAME>Duties & Taxes</DSPDISPNAME>
</DSPACCNAME>
</BSNAME>
<BSAMT>
<BSSUBAMT>825785.83</BSSUBAMT>
<BSMAINAMT />
 </BSAMT>
<BSNAME>
<DSPACCNAME>
<DSPDISPNAME>Provisions</DSPDISPNAME>
</DSPACCNAME>
</BSNAME>
<BSAMT>
<BSSUBAMT>5000.00</BSSUBAMT>
<BSMAINAMT />
 </BSAMT>
<BSNAME>
<DSPACCNAME>
<DSPDISPNAME>Sundry Creditors</DSPDISPNAME>
</DSPACCNAME>
</BSNAME>
<BSAMT>
<BSSUBAMT>27046060.75</BSSUBAMT>
<BSMAINAMT />
 </BSAMT>
<BSNAME>
<DSPACCNAME>
<DSPDISPNAME>Bharat D Shah Payble A/c</DSPDISPNAME>
</DSPACCNAME>
</BSNAME>
<BSAMT>
<BSSUBAMT>24153.76</BSSUBAMT>
<BSMAINAMT />
 </BSAMT>
<BSNAME>
<DSPACCNAME>
<DSPDISPNAME>Salary Payable</DSPDISPNAME>
</DSPACCNAME>
</BSNAME>
<BSAMT>
<BSSUBAMT>166029.00</BSSUBAMT>
<BSMAINAMT />
 </BSAMT>
<BSNAME>
<DSPACCNAME>
<DSPDISPNAME>Sandipbhai Salary Payble A/c</DSPDISPNAME>
</DSPACCNAME>
</BSNAME>
<BSAMT>
<BSSUBAMT>24800.00</BSSUBAMT>
<BSMAINAMT />
 </BSAMT>
<BSNAME>
<DSPACCNAME>
<DSPDISPNAME>Profit & Loss A/c</DSPDISPNAME>
</DSPACCNAME>
</BSNAME>
<BSAMT>
<BSSUBAMT />
<BSMAINAMT>-22633.83</BSMAINAMT>
 </BSAMT>
<BSNAME>
<DSPACCNAME>
<DSPDISPNAME>Fixed Assets</DSPDISPNAME>
</DSPACCNAME>
</BSNAME>

<BSNAME>
<DSPACCNAME>
<DSPDISPNAME>Bank Accounts</DSPDISPNAME>
</DSPACCNAME>
</BSNAME>
<BSAMT>
<BSSUBAMT>3253449.30</BSSUBAMT>
<BSMAINAMT />
 </BSAMT>
 </ENVELOPE>

=================================
Day Book Request
=================================

 <ENVELOPE>
	<HEADER>
		<VERSION>1</VERSION>
		<TALLYREQUEST>EXPORT</TALLYREQUEST>
		<TYPE>Data</TYPE>
		<ID>Day Book</ID>
	</HEADER>
	<BODY>
		<DESC>
			<STATICVARIABLES>
				<SVCURRENTCOMPANY>M.Bharatkumar 2014-15</SVCURRENTCOMPANY>
				<EXPLODEFLAG>Yes</EXPLODEFLAG>
				<SVEXPORTFORMAT>$$SysName:XML</SVEXPORTFORMAT>
			</STATICVARIABLES>
		</DESC>
	</BODY>
</ENVELOPE>

=================================
Day Book Response
=================================

<ENVELOPE>
<HEADER>
<VERSION>1</VERSION>
<STATUS>1</STATUS>
 </HEADER>
<BODY>
<DESC>
<STATICVARIABLES>
<SVCURRENTCOMPANY>M.Bharatkumar 2014-15</SVCURRENTCOMPANY>
</STATICVARIABLES>
</DESC>
<DATA>
<TALLYMESSAGE>
<VOUCHER REMOTEID="58ee5fe2-96ce-4c52-b973-70f7fcca224a-0000ff0e" VCHKEY="58ee5fe2-96ce-4c52-b973-70f7fcca224a-0000a48c:00000008" VCHTYPE="Journal" ACTION="Cancel" OBJVIEW="Accounting Voucher View">
<ACTIVETO />
<ALTEREDON />
<DATE>20150501</DATE>
<LUTDATEOFISSUE />
<LUTEXPIRYDATE />
<BONDDATEOFISSUE />
<BONDEXPIRYDATE />
<TAXCHEQUEDATE />
<TAXCHALLANDATE />
<RECONCILATIONDATE />
<FORM16ISSUEDATE />
<CSTFORMISSUEDATE />
<CSTFORMRECVDATE />
<CERTIFICATEDATE />
<FBTFROMDATE />
<FBTTODATE />
<RETURNINVOICEDATE />
<AGGREMENTORDERDATE />
<GOODSRCPTDATE />
<BILLOFENTRYDATE />
<LORRYRECPTDATE />
<TRANSSALELANDINGDATE />
<TRANSBUYERLANDINGDATE />
<CREDITLETTERDATE />
<AIRWAYBILLDATE />
<SHIPPINGBILLDATE />
<VATORDERDATE />
<INVDELIVERYDATE />
<REFERENCEDATE />
<BILLOFLADINGDATE />
<VATDEPOSITDATE />
<VATDOCUMENTDATE />
<VATCHALLANDATE />
<ECDATE />
<VATTDSDATE />
<VATPARTYTRANSRETURNDATE />
<ADJFROMDATE />
<ADJTODATE />
<VATDDCHEQUEDATE />
<TAXPAYPERIODFROMDATE />
<TAXPAYPERIODTODATE />
<STTAXCHALLANDATE />
<VATSUBMISSIONDATE />
<PARTYINVDATE />
<INSPDOCDATE />
<VATCANCINVDATE />
<VATGOODSRECEIPTDATE />
<AUDITEDON />
<GUID>58ee5fe2-96ce-4c52-b973-70f7fcca224a-0000ff0e</GUID>
<STATENAME />
<VATDEALERTYPE />
<PRICELEVEL />
<TDSNATUREOFPAYMENT />
<AUTOCOSTLEVEL />
<NARRATION />
<REQUESTORRULE />
<ALTEREDBY />
<IMPORTEREXPORTERCODE />
<NATUREOFSALES />
<EXCISENOTIFICATIONNO />
<LUTNUMBER />
<BONDNUMBER />
<AUTHORITYNAME />
<AUTHORITYADDRESS />
<TAXUNITNAME />
<EXCISEUNITNAME />
<CLASSNAME />
<POSCARDLEDGER />
<POSCASHLEDGER />
<POSGIFTLEDGER />
<POSCHEQUELEDGER />
<EXCISECLASSIFICATIONNAME />
<TDSSECTIONNO />
<TDSDEDNSTATUS />
<TAXBANKCHALLANNUMBER />
<TAXCHALLANBSRCODE />
<TAXCHEQUENUMBER />
<TAXBANKNAME />
<TAXBANKBRANCHNAME />
<PARTYNAME />
<VOUCHERTYPENAME>Journal</VOUCHERTYPENAME>
<REFERENCE />
<VOUCHERNUMBER />
<PARTYLEDGERNAME />
<BASICBASEPARTYNAME />
<BASICVOUCHERCHEQUENAME />
<BASICVOUCHERCROSSCOMMENT />
<EXCHGCURRENCYNAME />
<SERIALMASTER />
<SERIALNUMBER />
<STATADJUSTMENTTYPE />
<STATPAYMENTTYPE />
<CONSIGNEEIECODE />
<SUPPLIERIECODE />
<ARESERIALMASTER />
<ARESERIALNUMBER />
<SUMAUTOVCHNUM />
<TAXBANKACCOUNTNUMBER />
<CSTFORMISSUETYPE />
<CSTFORMISSUENUMBER />
<CSTFORMRECVTYPE />
<CSTFORMRECVNUMBER />
<CONSIGNEECSTNUMBER />
<BUYERSCSTNUMBER />
<CSTFORMISSUESERIESNUM />
<CSTFORMRECVSERIESNUM />
<EXCISETREASURYNUMBER />
<EXCISETREASURYNAME />
<CERTIFICATETYPE />
<CERTIFICATENUMBER />
<AREFORMTYPE />
<DESTINATIONTAXUNIT />
<FBTPAYMENTTYPE>Default</FBTPAYMENTTYPE>
<POSCARDNUMBER />
<POSCHEQUENUMBER />
<POSCHEQUEBANKNAME />
<TAXADJUSTMENT />
<CHALLANTYPE />
<CHEQUEDEPOSITORNAME />
<EXCISENOTIFICATIONSERIALNO />
<PERSISTEDVIEW />
<EXCISETARIFFTYPE />
<CONSIGNEELBTREGNNO />
<CONSIGNEELBTZONE />
<SUPPLIERLBTREGNNO />
<SUPPLIERLBTZONE />
<LBTMAPPEDCATEGORY />
<LBTMAPPEDZONE />
<LBTNATUREOFLIABILITY />
<CASHPARTYPAN />
<CASHPARTYDEDTYPE />
<VCHTAXTYPE />
<PURPOSEOFPURCHASE />
<POINTOFTRANSACTION />
<TRANSPORTERNAME />
<TRANSPORTMODE />
<AGGREMENTORDERNO />
<FOREIGNSELLERNAME />
<EXPORTERCOUNTRY />
<BILLOFENTRYNO />
<GOODSVEHICLENUMBER />
<SHIPNAME />
<SHIPAGENTNAME />
<CLEARINGAGENTNAME />
<LORRYRECPTNO />
<CARRIERNAME />
<CREDITLETTERREF />
<AIRWAYBILLNO />
<SHIPPINGBILLNO />
<FWDAGENTNAME />
<VATORDERNO />
<VATSELLERTIN />
<TRANSSOURCEPLACE />
<TRANSCATEGORY />
<VATDOCUMENTTYPE />
<VATTRANSBILLQTY />
<VATTRANSBILLNO />
<BILLOFLADINGNO />
<VATPAIDAGAINST />
<VATBANKNAME />
<VATBANKBRANCH />
<VATDDCHEQUENO />
<VATADJUSTMENTTYPE />
<VATFORMSTATUS />
<VATDOCUMENTNUMBER />
<VATSOURCESTATE />
<VATDESTINATIONSTATE />
<VATDESTINATIONPLACE />
<VATPARTYORGTYPE />
<VATPARTYTYPE />
<VATCHALLANNUMBER />
<VATDESIGOFPURCHASER />
<VATPURCHASERCPTTYPE />
<VATGOODSRCPTNO />
<VATPARTYORGNAME />
<AIRPORTNAME />
<TDNOFAWARDER />
<ECNUMBER />
<ECISSUINGAUTHORITY />
<CONTRACTORTIN />
<VATTDSBARCODE />
<VATPYMTMODEOFDEPOSIT />
<VATPYMTTAXDESC />
<VATBANKACCNUMBER />
<VATBRANCHCODE />
<VATTRANSSOURCE />
<VATPARTYTRANSRETURNNUMBER />
<VATADJADDLDETAILS />
<VATBRANCHNAME />
<PRIORITYSTATECONFLICT />
<EICHECKPOST />
<PORTNAME />
<PORTCODE />
<STTVCHRHANDLE />
<SRVTREGNUMBER />
<TAXPAYMENTTYPE />
<STTAXBANKCHALLANNUMBER />
<TYPEOFEXCISEVOUCHER />
<VCHTAXUNIT />
<BASICSHIPPEDBY />
<BASICDESTINATIONCOUNTRY />
<BASICBUYERNAME />
<BASICPLACEOFRECEIPT />
<BASICSHIPDOCUMENTNO />
<BASICPORTOFLOADING />
<BASICPORTOFDISCHARGE />
<BASICFINALDESTINATION />
<BASICORDERREF />
<BASICSHIPVESSELNO />
<BASICBUYERSSALESTAXNO />
<BASICDUEDATEOFPYMT />
<BASICSERIALNUMINPLA />
<BASICDATETIMEOFINVOICE />
<BASICDATETIMEOFREMOVAL />
<BUYERADDRESSTYPE />
<PARTYADDRESSTYPE />
<MFGRADDRESSTYPE />
<TRANSPORTERADDRROOM />
<TRANSPORTERADDRBLDG />
<TRANSPORTERADDRROAD />
<TRANSPORTERADDRAREA />
<TRANSPORTERADDRTOWN />
<TRANSPORTERADDRDIST />
<TRANSPORTERADDRSTATE />
<TRANSPORTERADDRPINCODE />
<TRANSPORTERADDRPHONE />
<TRANSPORTERADDRFAX />
<TRANSPORTERVEHICLE2 />
<TRANSPORTLOCALTIN />
<VATCFORMISSUESTATE />
<VCHGSTCLASS />
<COSTCENTRENAME />
<ADDITIONALNARRATION />
<PARTYINVNO />
<INSPDOCNO />
<SETTLEMENTTYPE />
<VOUCHERTIME />
<HOLDREFERENCE />
<VATCANCINVNO />
<VATCANCPURCTIN />
<VATCANCPURCNAME />
<VATTYPEOFDEVICE />
<VATBRIEFDESCRIPTION />
<VATDEVICENO />
<BUYERPINNUMBER />
<VATEXPORTENTRYNO />
<CONSIGNEEPINNUMBER />
<VATEXEMPTCERTIFICATENO />
<VATVEHICLENUMBER />
<VATGOODSRECEIPTNUMBER />
<VATMOBILENUMBER />
<ENTEREDBY>haresh</ENTEREDBY>
<VOUCHERTYPEORIGNAME />
<DIFFACTUALQTY>No</DIFFACTUALQTY>
<ISMSTFROMSYNC>No</ISMSTFROMSYNC>
<ASORIGINAL>No</ASORIGINAL>
<AUDITED>No</AUDITED>
<FORJOBCOSTING>No</FORJOBCOSTING>
<ISOPTIONAL>No</ISOPTIONAL>
<EFFECTIVEDATE>20150501</EFFECTIVEDATE>
<USEFOREXCISE>No</USEFOREXCISE>
<ISFORJOBWORKIN>No</ISFORJOBWORKIN>
<ALLOWCONSUMPTION>No</ALLOWCONSUMPTION>
<USEFORINTEREST>No</USEFORINTEREST>
<USEFORGAINLOSS>No</USEFORGAINLOSS>
<USEFORGODOWNTRANSFER>No</USEFORGODOWNTRANSFER>
<USEFORCOMPOUND>No</USEFORCOMPOUND>
<USEFORSERVICETAX>No</USEFORSERVICETAX>
<ISEXCISEVOUCHER>No</ISEXCISEVOUCHER>
<EXCISETAXOVERRIDE>No</EXCISETAXOVERRIDE>
<USEFORTAXUNITTRANSFER>No</USEFORTAXUNITTRANSFER>
<EXCISEOPENING>No</EXCISEOPENING>
<USEFORFINALPRODUCTION>No</USEFORFINALPRODUCTION>
<ISTDSOVERRIDDEN>No</ISTDSOVERRIDDEN>
<ISTCSOVERRIDDEN>No</ISTCSOVERRIDDEN>
<ISTDSTCSCASHVCH>No</ISTDSTCSCASHVCH>
<INCLUDEADVPYMTVCH>No</INCLUDEADVPYMTVCH>
<ISSUBWORKSCONTRACT>No</ISSUBWORKSCONTRACT>
<ISVATOVERRIDDEN>No</ISVATOVERRIDDEN>
<IGNOREORIGVCHDATE>No</IGNOREORIGVCHDATE>
<ISSERVICETAXOVERRIDDEN>No</ISSERVICETAXOVERRIDDEN>
<ISISDVOUCHER>No</ISISDVOUCHER>
<ISEXCISEOVERRIDDEN>No</ISEXCISEOVERRIDDEN>
<ISEXCISESUPPLYVCH>No</ISEXCISESUPPLYVCH>
<ISVATPRINCIPALACCOUNT>No</ISVATPRINCIPALACCOUNT>
<ISSHIPPINGWITHINSTATE>No</ISSHIPPINGWITHINSTATE>
<ISCANCELLED>Yes</ISCANCELLED>
<HASCASHFLOW>No</HASCASHFLOW>
<ISPOSTDATED>No</ISPOSTDATED>
<USETRACKINGNUMBER>No</USETRACKINGNUMBER>
<ISINVOICE>No</ISINVOICE>
<MFGJOURNAL>No</MFGJOURNAL>
<HASDISCOUNTS>No</HASDISCOUNTS>
<ASPAYSLIP>No</ASPAYSLIP>
<ISCOSTCENTRE>No</ISCOSTCENTRE>
<ISSTXNONREALIZEDVCH>No</ISSTXNONREALIZEDVCH>
<ISEXCISEMANUFACTURERON>No</ISEXCISEMANUFACTURERON>
<ISBLANKCHEQUE>No</ISBLANKCHEQUE>
<ISVOID>No</ISVOID>
<ISONHOLD>No</ISONHOLD>
<ORDERLINESTATUS>No</ORDERLINESTATUS>
<VATISAGNSTCANCSALES>No</VATISAGNSTCANCSALES>
<VATISPURCEXEMPTED>No</VATISPURCEXEMPTED>
<ISVATRESTAXINVOICE>No</ISVATRESTAXINVOICE>
<ISDELETED>No</ISDELETED>
<CHANGEVCHMODE>No</CHANGEVCHMODE>
<ALTERID>159953</ALTERID>
<MASTERID>65294</MASTERID>
<VOUCHERKEY>180921202376712</VOUCHERKEY>
<ECFEERATE>0</ECFEERATE>
<BONDAMOUNT />
<POSCASHRECEIVED />
<CUSTOMDUTYPAID />
<VATPARTYITCCLAIMED />
<VATPARTYTAXLIABILITY />
<VALUEOFWORKSCONTRACT />
<ECFEEAMOUNT />
<ECFEEDEPOSITBYAWARDER />
<ECFEEDEPOSITBYCONTRACTOR />
<TDSDEDUCTED />
<VALUEOFSUBWORKSCONT />
<VATTDSAMT />
<VATGOODSVALUE />
<EXCHGRATE />
<PROCESSINGDURATION />
<PREVBOMNAME />
<CURBOMNAME />
<COMMONNATUREOFPAYMENT />
<CURRPARTYLEDGERNAME />
<CURRBASICBUYERNAME />
<CURRPARTYNAME />
<CURRBUYERADDRESSTYPE />
<CURRPARTYADDRESSTYPE />
<CURRBASICPURCHASEORDERNO />
<CURRBASICSHIPDELIVERYNOTE />
<POSSTAXPARTYLEDGERNAME />
<ISATTDDATAPRESERVED />
<ISCSTAGTFORMC />
<EIDEFAULTLED_ISUSERDEFINED />
<EIDEFAULTLED_CLASSNAME />
<EIDEFAULTLED_CLASSRATE>0</EIDEFAULTLED_CLASSRATE>
<EIDEFAULTLED_CLASSADDLRATE>0</EIDEFAULTLED_CLASSADDLRATE>
<TEMPVATCLASSIFICATION />
<EXCLUDEDTAXATIONS.LIST />
<OLDAUDITENTRIES.LIST />
<ACCOUNTAUDITENTRIES.LIST />
<AUDITENTRIES.LIST />
<DUTYHEADDETAILS.LIST />
<SUPPLEMENTARYDUTYHEADDETAILS.LIST />
<INVOICEDELNOTES.LIST />
<INVOICEORDERLIST.LIST />
<INVOICEINDENTLIST.LIST />
<ATTENDANCEENTRIES.LIST />
<ORIGINVOICEDETAILS.LIST />
<INVOICEEXPORTLIST.LIST />
<ALLLEDGERENTRIES.LIST />
<PAYROLLMODEOFPAYMENT.LIST />
<ATTDRECORDS.LIST />
 </VOUCHER>
</TALLYMESSAGE>
<TALLYMESSAGE>
<VOUCHER REMOTEID="58ee5fe2-96ce-4c52-b973-70f7fcca224a-0000ff10" VCHKEY="58ee5fe2-96ce-4c52-b973-70f7fcca224a-0000a48c:00000010" VCHTYPE="Sales Retail Invoice" ACTION="Create" OBJVIEW="Invoice Voucher View">
<ADDRESS.LIST TYPE="String">
<ADDRESS>Banglore</ADDRESS>
</ADDRESS.LIST>
<BASICBUYERADDRESS.LIST TYPE="String">
<BASICBUYERADDRESS>Banglore</BASICBUYERADDRESS>
</BASICBUYERADDRESS.LIST>
<OLDAUDITENTRYIDS.LIST TYPE="Number">
<OLDAUDITENTRYIDS>-1</OLDAUDITENTRYIDS>
</OLDAUDITENTRYIDS.LIST>
<ACTIVETO />
<ALTEREDON />
<DATE>20150501</DATE>
<LUTDATEOFISSUE />
<LUTEXPIRYDATE />
<BONDDATEOFISSUE />
<BONDEXPIRYDATE />
<TAXCHEQUEDATE />
<TAXCHALLANDATE />
<RECONCILATIONDATE />
<FORM16ISSUEDATE />
<CSTFORMISSUEDATE />
<CSTFORMRECVDATE />
<CERTIFICATEDATE />
<FBTFROMDATE />
<FBTTODATE />
<RETURNINVOICEDATE />
<AGGREMENTORDERDATE />
<GOODSRCPTDATE />
<BILLOFENTRYDATE />
<LORRYRECPTDATE />
<TRANSSALELANDINGDATE />
<TRANSBUYERLANDINGDATE />
<CREDITLETTERDATE />
<AIRWAYBILLDATE />
<SHIPPINGBILLDATE />
<VATORDERDATE />
<INVDELIVERYDATE />
<REFERENCEDATE />
<BILLOFLADINGDATE />
<VATDEPOSITDATE />
<VATDOCUMENTDATE />
<VATCHALLANDATE />
<ECDATE />
<VATTDSDATE />
<VATPARTYTRANSRETURNDATE />
<ADJFROMDATE />
<ADJTODATE />
<VATDDCHEQUEDATE />
<TAXPAYPERIODFROMDATE />
<TAXPAYPERIODTODATE />
<STTAXCHALLANDATE />
<VATSUBMISSIONDATE />
<PARTYINVDATE />
<INSPDOCDATE />
<VATCANCINVDATE />
<VATGOODSRECEIPTDATE />
<AUDITEDON />
<GUID>58ee5fe2-96ce-4c52-b973-70f7fcca224a-0000ff10</GUID>
<STATENAME />
<VATDEALERTYPE />
<PRICELEVEL />
<TDSNATUREOFPAYMENT />
<AUTOCOSTLEVEL />
<NARRATION />
<REQUESTORRULE />
<ALTEREDBY />
<IMPORTEREXPORTERCODE />
<NATUREOFSALES />
<EXCISENOTIFICATIONNO />
<LUTNUMBER />
<BONDNUMBER />
<AUTHORITYNAME />
<AUTHORITYADDRESS />
<TAXUNITNAME />
<EXCISEUNITNAME />
<CLASSNAME />
<POSCARDLEDGER />
<POSCASHLEDGER />
<POSGIFTLEDGER />
<POSCHEQUELEDGER />
<EXCISECLASSIFICATIONNAME />
<TDSSECTIONNO />
<TDSDEDNSTATUS />
<TAXBANKCHALLANNUMBER />
<TAXCHALLANBSRCODE />
<TAXCHEQUENUMBER />
<TAXBANKNAME />
<TAXBANKBRANCHNAME />
<PARTYNAME>A B Corporation</PARTYNAME>
<VOUCHERTYPENAME>Sales Retail Invoice</VOUCHERTYPENAME>
<REFERENCE>2344</REFERENCE>
<VOUCHERNUMBER>5R0001</VOUCHERNUMBER>
<PARTYLEDGERNAME>A B Corporation ( Banglore)</PARTYLEDGERNAME>
<BASICBASEPARTYNAME>A B Corporation ( Banglore)</BASICBASEPARTYNAME>
<BASICVOUCHERCHEQUENAME />
<BASICVOUCHERCROSSCOMMENT />
<EXCHGCURRENCYNAME />
<SERIALMASTER />
<SERIALNUMBER />
<STATADJUSTMENTTYPE />
<STATPAYMENTTYPE />
<CONSIGNEEIECODE />
<SUPPLIERIECODE />
<ARESERIALMASTER />
<ARESERIALNUMBER />
<SUMAUTOVCHNUM />
<TAXBANKACCOUNTNUMBER />
<CSTFORMISSUETYPE />
<CSTFORMISSUENUMBER />
<CSTFORMRECVTYPE />
<CSTFORMRECVNUMBER />
<CONSIGNEECSTNUMBER />
<BUYERSCSTNUMBER />
<CSTFORMISSUESERIESNUM />
<CSTFORMRECVSERIESNUM />
<EXCISETREASURYNUMBER />
<EXCISETREASURYNAME />
<CERTIFICATETYPE />
<CERTIFICATENUMBER />
<AREFORMTYPE />
<DESTINATIONTAXUNIT />
<FBTPAYMENTTYPE>Default</FBTPAYMENTTYPE>
<POSCARDNUMBER />
<POSCHEQUENUMBER />
<POSCHEQUEBANKNAME />
<TAXADJUSTMENT />
<CHALLANTYPE />
<CHEQUEDEPOSITORNAME />
<EXCISENOTIFICATIONSERIALNO />
<PERSISTEDVIEW>Invoice Voucher View</PERSISTEDVIEW>
<EXCISETARIFFTYPE />
<CONSIGNEELBTREGNNO />
<CONSIGNEELBTZONE />
<SUPPLIERLBTREGNNO />
<SUPPLIERLBTZONE />
<LBTMAPPEDCATEGORY />
<LBTMAPPEDZONE />
<LBTNATUREOFLIABILITY />
<CASHPARTYPAN />
<CASHPARTYDEDTYPE />
<VCHTAXTYPE />
<PURPOSEOFPURCHASE />
<POINTOFTRANSACTION />
<TRANSPORTERNAME />
<TRANSPORTMODE />
<AGGREMENTORDERNO />
<FOREIGNSELLERNAME />
<EXPORTERCOUNTRY />
<BILLOFENTRYNO />
<GOODSVEHICLENUMBER />
<SHIPNAME />
<SHIPAGENTNAME />
<CLEARINGAGENTNAME />
<LORRYRECPTNO />
<CARRIERNAME />
<CREDITLETTERREF />
<AIRWAYBILLNO />
<SHIPPINGBILLNO />
<FWDAGENTNAME />
<VATORDERNO />
<VATSELLERTIN />
<TRANSSOURCEPLACE />
<TRANSCATEGORY />
<VATDOCUMENTTYPE />
<VATTRANSBILLQTY />
<VATTRANSBILLNO />
<BILLOFLADINGNO />
<VATPAIDAGAINST />
<VATBANKNAME />
<VATBANKBRANCH />
<VATDDCHEQUENO />
<VATADJUSTMENTTYPE />
<VATFORMSTATUS />
<VATDOCUMENTNUMBER />
<VATSOURCESTATE />
<VATDESTINATIONSTATE />
<VATDESTINATIONPLACE />
<VATPARTYORGTYPE />
<VATPARTYTYPE />
<VATCHALLANNUMBER />
<VATDESIGOFPURCHASER />
<VATPURCHASERCPTTYPE />
<VATGOODSRCPTNO />
<VATPARTYORGNAME />
<AIRPORTNAME />
<TDNOFAWARDER />
<ECNUMBER />
<ECISSUINGAUTHORITY />
<CONTRACTORTIN />
<VATTDSBARCODE />
<VATPYMTMODEOFDEPOSIT />
<VATPYMTTAXDESC />
<VATBANKACCNUMBER />
<VATBRANCHCODE />
<VATTRANSSOURCE />
<VATPARTYTRANSRETURNNUMBER />
<VATADJADDLDETAILS />
<VATBRANCHNAME />
<PRIORITYSTATECONFLICT />
<EICHECKPOST />
<PORTNAME />
<PORTCODE />
<STTVCHRHANDLE />
<SRVTREGNUMBER />
<TAXPAYMENTTYPE />
<STTAXBANKCHALLANNUMBER />
<TYPEOFEXCISEVOUCHER />
<VCHTAXUNIT />
<BASICSHIPPEDBY />
<BASICDESTINATIONCOUNTRY />
<BASICBUYERNAME>A B Corporation</BASICBUYERNAME>
<BASICPLACEOFRECEIPT />
<BASICSHIPDOCUMENTNO />
<BASICPORTOFLOADING />
<BASICPORTOFDISCHARGE />
<BASICFINALDESTINATION />
<BASICORDERREF />
<BASICSHIPVESSELNO />
<BASICBUYERSSALESTAXNO>29890095601</BASICBUYERSSALESTAXNO>
<BASICDUEDATEOFPYMT />
<BASICSERIALNUMINPLA />
<BASICDATETIMEOFINVOICE>1-May-2015 at 21:11</BASICDATETIMEOFINVOICE>
<BASICDATETIMEOFREMOVAL>1-May-2015 at 21:11</BASICDATETIMEOFREMOVAL>
<BUYERADDRESSTYPE />
<PARTYADDRESSTYPE />
<MFGRADDRESSTYPE />
<TRANSPORTERADDRROOM />
<TRANSPORTERADDRBLDG />
<TRANSPORTERADDRROAD />
<TRANSPORTERADDRAREA />
<TRANSPORTERADDRTOWN />
<TRANSPORTERADDRDIST />
<TRANSPORTERADDRSTATE />
<TRANSPORTERADDRPINCODE />
<TRANSPORTERADDRPHONE />
<TRANSPORTERADDRFAX />
<TRANSPORTERVEHICLE2 />
<TRANSPORTLOCALTIN />
<VATCFORMISSUESTATE />
<VCHGSTCLASS />
<COSTCENTRENAME />
<ADDITIONALNARRATION />
<PARTYINVNO />
<INSPDOCNO />
<SETTLEMENTTYPE />
<VOUCHERTIME />
<HOLDREFERENCE />
<VATCANCINVNO />
<VATCANCPURCTIN />
<VATCANCPURCNAME />
<VATTYPEOFDEVICE />
<VATBRIEFDESCRIPTION />
<VATDEVICENO />
<BUYERPINNUMBER />
<VATEXPORTENTRYNO />
<CONSIGNEEPINNUMBER />
<VATEXEMPTCERTIFICATENO />
<VATVEHICLENUMBER />
<VATGOODSRECEIPTNUMBER />
<VATMOBILENUMBER />
<ENTEREDBY>a</ENTEREDBY>
<VOUCHERTYPEORIGNAME />
<DIFFACTUALQTY>No</DIFFACTUALQTY>
<ISMSTFROMSYNC>No</ISMSTFROMSYNC>
<ASORIGINAL>No</ASORIGINAL>
<AUDITED>No</AUDITED>
<FORJOBCOSTING>No</FORJOBCOSTING>
<ISOPTIONAL>No</ISOPTIONAL>
<EFFECTIVEDATE>20150501</EFFECTIVEDATE>
<USEFOREXCISE>No</USEFOREXCISE>
<ISFORJOBWORKIN>No</ISFORJOBWORKIN>
<ALLOWCONSUMPTION>No</ALLOWCONSUMPTION>
<USEFORINTEREST>No</USEFORINTEREST>
<USEFORGAINLOSS>No</USEFORGAINLOSS>
<USEFORGODOWNTRANSFER>No</USEFORGODOWNTRANSFER>
<USEFORCOMPOUND>No</USEFORCOMPOUND>
<USEFORSERVICETAX>No</USEFORSERVICETAX>
<ISEXCISEVOUCHER>No</ISEXCISEVOUCHER>
<EXCISETAXOVERRIDE>No</EXCISETAXOVERRIDE>
<USEFORTAXUNITTRANSFER>No</USEFORTAXUNITTRANSFER>
<EXCISEOPENING>No</EXCISEOPENING>
<USEFORFINALPRODUCTION>No</USEFORFINALPRODUCTION>
<ISTDSOVERRIDDEN>No</ISTDSOVERRIDDEN>
<ISTCSOVERRIDDEN>No</ISTCSOVERRIDDEN>
<ISTDSTCSCASHVCH>No</ISTDSTCSCASHVCH>
<INCLUDEADVPYMTVCH>No</INCLUDEADVPYMTVCH>
<ISSUBWORKSCONTRACT>No</ISSUBWORKSCONTRACT>
<ISVATOVERRIDDEN>No</ISVATOVERRIDDEN>
<IGNOREORIGVCHDATE>No</IGNOREORIGVCHDATE>
<ISSERVICETAXOVERRIDDEN>No</ISSERVICETAXOVERRIDDEN>
<ISISDVOUCHER>No</ISISDVOUCHER>
<ISEXCISEOVERRIDDEN>No</ISEXCISEOVERRIDDEN>
<ISEXCISESUPPLYVCH>No</ISEXCISESUPPLYVCH>
<ISVATPRINCIPALACCOUNT>No</ISVATPRINCIPALACCOUNT>
<ISSHIPPINGWITHINSTATE>No</ISSHIPPINGWITHINSTATE>
<ISCANCELLED>No</ISCANCELLED>
<HASCASHFLOW>No</HASCASHFLOW>
<ISPOSTDATED>No</ISPOSTDATED>
<USETRACKINGNUMBER>No</USETRACKINGNUMBER>
<ISINVOICE>Yes</ISINVOICE>
<MFGJOURNAL>No</MFGJOURNAL>
<HASDISCOUNTS>No</HASDISCOUNTS>
<ASPAYSLIP>No</ASPAYSLIP>
<ISCOSTCENTRE>No</ISCOSTCENTRE>
<ISSTXNONREALIZEDVCH>No</ISSTXNONREALIZEDVCH>
<ISEXCISEMANUFACTURERON>No</ISEXCISEMANUFACTURERON>
<ISBLANKCHEQUE>No</ISBLANKCHEQUE>
<ISVOID>No</ISVOID>
<ISONHOLD>No</ISONHOLD>
<ORDERLINESTATUS>No</ORDERLINESTATUS>
<VATISAGNSTCANCSALES>No</VATISAGNSTCANCSALES>
<VATISPURCEXEMPTED>No</VATISPURCEXEMPTED>
<ISVATRESTAXINVOICE>No</ISVATRESTAXINVOICE>
<ISDELETED>No</ISDELETED>
<CHANGEVCHMODE>No</CHANGEVCHMODE>
<ALTERID>159960</ALTERID>
<MASTERID>65296</MASTERID>
<VOUCHERKEY>180921202376720</VOUCHERKEY>
<ECFEERATE>0</ECFEERATE>
<BONDAMOUNT />
<POSCASHRECEIVED />
<CUSTOMDUTYPAID />
<VATPARTYITCCLAIMED />
<VATPARTYTAXLIABILITY />
<VALUEOFWORKSCONTRACT />
<ECFEEAMOUNT />
<ECFEEDEPOSITBYAWARDER />
<ECFEEDEPOSITBYCONTRACTOR />
<TDSDEDUCTED />
<VALUEOFSUBWORKSCONT />
<VATTDSAMT />
<VATGOODSVALUE />
<EXCHGRATE />
<PROCESSINGDURATION />
<PREVBOMNAME />
<CURBOMNAME />
<COMMONNATUREOFPAYMENT />
<CURRPARTYLEDGERNAME />
<CURRBASICBUYERNAME />
<CURRPARTYNAME />
<CURRBUYERADDRESSTYPE />
<CURRPARTYADDRESSTYPE />
<CURRBASICPURCHASEORDERNO />
<CURRBASICSHIPDELIVERYNOTE />
<POSSTAXPARTYLEDGERNAME />
<ISATTDDATAPRESERVED />
<ISCSTAGTFORMC />
<EIDEFAULTLED_ISUSERDEFINED />
<EIDEFAULTLED_CLASSNAME />
<EIDEFAULTLED_CLASSRATE>0</EIDEFAULTLED_CLASSRATE>
<EIDEFAULTLED_CLASSADDLRATE>0</EIDEFAULTLED_CLASSADDLRATE>
<TEMPVATCLASSIFICATION />
<EXCLUDEDTAXATIONS.LIST />
<OLDAUDITENTRIES.LIST />
<ACCOUNTAUDITENTRIES.LIST />
<AUDITENTRIES.LIST />
<DUTYHEADDETAILS.LIST />
<SUPPLEMENTARYDUTYHEADDETAILS.LIST />
<INVOICEDELNOTES.LIST>
<BASICSHIPPINGDATE>20150501</BASICSHIPPINGDATE>
<BASICSHIPDELIVERYNOTE>3333</BASICSHIPDELIVERYNOTE>
 </INVOICEDELNOTES.LIST>
<INVOICEORDERLIST.LIST />
<INVOICEINDENTLIST.LIST />
<ATTENDANCEENTRIES.LIST />
<ORIGINVOICEDETAILS.LIST />
<INVOICEEXPORTLIST.LIST />
<LEDGERENTRIES.LIST>
<OLDAUDITENTRYIDS.LIST TYPE="Number">
<OLDAUDITENTRYIDS>-1</OLDAUDITENTRYIDS>
</OLDAUDITENTRYIDS.LIST>
<NARRATION />
<ADDLALLOCTYPE />
<TAXCLASSIFICATIONNAME />
<NOTIFICATIONSLNO />
<ROUNDTYPE />
<LEDGERNAME>A B Corporation ( Banglore)</LEDGERNAME>
<TAXUNITNAME />
<STATNATURENAME />
<GOODSTYPE />
<METHODTYPE />
<CLASSRATE />
<STATCLASSIFICATIONNAME />
<EXCISECLASSIFICATIONNAME />
<VATCOMMODITYNAME />
<SCHEDULE />
<SCHEDULESERIALNUMBER />
<VATCOMMODITYCODE />
<VATTRADENAME />
<VATMAJORCOMMODITYNAME />
<TDSPARTYNAME />
<VATPARTYORGNAME />
<XBRLADJTYPE />
<VOUCHERFBTCATEGORY />
<TYPEOFTAXPAYMENT />
<VATCALCULATIONTYPE />
<VATWORKSCONTRACTTYPE />
<VATWCDESCRIPTION />
<GSTCLASS />
<SCHVIADJTYPE />
<POSPAYMENTTYPE />
<ISDEEMEDPOSITIVE>Yes</ISDEEMEDPOSITIVE>
<LEDGERFROMITEM>No</LEDGERFROMITEM>
<REMOVEZEROENTRIES>No</REMOVEZEROENTRIES>
<ISPARTYLEDGER>Yes</ISPARTYLEDGER>
<ISLASTDEEMEDPOSITIVE>Yes</ISLASTDEEMEDPOSITIVE>
<STCRADJPERCENT>0</STCRADJPERCENT>
<ROUNDLIMIT>0</ROUNDLIMIT>
<RATEOFADDLVAT>0</RATEOFADDLVAT>
<RATEOFCESSONVAT>0</RATEOFCESSONVAT>
<VATTAXRATE>0</VATTAXRATE>
<VATITEMQTY>0</VATITEMQTY>
<PREVINVTOTALNUM>0</PREVINVTOTALNUM>
<VATWCDEDUCTIONRATE>0</VATWCDEDUCTIONRATE>
<ORIGINVGOODSQTY>0</ORIGINVGOODSQTY>
<AMOUNT>-11550.00</AMOUNT>
<FBTEXEMPTAMOUNT />
<VATASSESSABLEVALUE />
<VATWCCOSTOFLAND />
<VATWCDEDLABOURCHARGES />
<VATWCOTHERDEDUCTIONAMT />
<VATWCVALUEOFTAXFREEGOODS />
<VATWCOTHERCHARGES />
<VATWCSUBCONTRACTORAMT />
<PREVAMOUNT />
<PREVINVTOTALAMT />
<VATWCDEDUCTIONAMOUNT />
<ORIGINVGOODSVALUE />
<ORIGINVGOODSTAXVALUE />
<VATWCESTABLISHMENTCOST />
<VATWCCONTRACTORPROFIT />
<VATWCPLANNINGDESIGNFEES />
<VATWCMACHINERYTOOLSCHARGES />
<VATWCCONSUMABLESCOST />
<VATEXPAMOUNT />
<CASHRECEIVED />
<DENOMINATIONCOUNT1000X>0</DENOMINATIONCOUNT1000X>
<DENOMINATIONCOUNT500X>0</DENOMINATIONCOUNT500X>
<DENOMINATIONCOUNT100X>0</DENOMINATIONCOUNT100X>
<DENOMINATIONCOUNT50X>0</DENOMINATIONCOUNT50X>
<DENOMINATIONCOUNT20X>0</DENOMINATIONCOUNT20X>
<DENOMINATIONCOUNT10X>0</DENOMINATIONCOUNT10X>
<DENOMINATIONCOUNT5X>0</DENOMINATIONCOUNT5X>
<DENOMINATIONCOUNT2X>0</DENOMINATIONCOUNT2X>
<DENOMINATIONCOUNT1X>0</DENOMINATIONCOUNT1X>
<DENOMINATIONAMOUNTOTHERS />
<TEMPVATCLASSIFICATION />
<ISVATADJLEDGER />
<RBVATTAXAMOUNT />
<ISCLASSIFYMODIFY />
<VATASSESMENTATE>0</VATASSESMENTATE>
<EXCISETEMPDUTYVAL />
<SERVICETAXDETAILS.LIST />
<BANKALLOCATIONS.LIST />
<BILLALLOCATIONS.LIST>
<YEAREND />
<NAME>5R0001</NAME>
<BILLCREDITPERIOD />
<TDSDEDUCTEESECTIONNUMBER />
<TDSLEDGERNC />
<SERVICETAXLEDGER />
<BILLTYPE>New Ref</BILLTYPE>
<SUMNAME />
<TDSDEDUCTEEISSPECIALRATE>No</TDSDEDUCTEEISSPECIALRATE>
<TDSDEDUCTEESPECIALRATE>0</TDSDEDUCTEESPECIALRATE>
<AMOUNT>-11550.00</AMOUNT>
<INTERESTCOLLECTION.LIST />
<STBILLCATEGORIES.LIST />
 </BILLALLOCATIONS.LIST>
<INTERESTCOLLECTION.LIST />
<OLDAUDITENTRIES.LIST />
<ACCOUNTAUDITENTRIES.LIST />
<AUDITENTRIES.LIST />
<INPUTCRALLOCS.LIST />
<DUTYHEADDETAILS.LIST />
<EXCISEDUTYHEADDETAILS.LIST />
<SUMMARYALLOCS.LIST />
<STPYMTDETAILS.LIST />
<EXCISEPAYMENTALLOCATIONS.LIST />
<TAXBILLALLOCATIONS.LIST />
<TAXOBJECTALLOCATIONS.LIST />
<TDSEXPENSEALLOCATIONS.LIST />
<VATSTATUTORYDETAILS.LIST />
<COSTTRACKALLOCATIONS.LIST />
<REFVOUCHERDETAILS.LIST />
<INVOICEWISEDETAILS.LIST />
<VATITCDETAILS.LIST />
 </LEDGERENTRIES.LIST>
<ALLINVENTORYENTRIES.LIST>
<ORIGINVOICEDATE />
<ORIGSALESINVDATE />
<DESCRIPTION />
<STOCKITEMNAME>Sonata 90" 38065</STOCKITEMNAME>
<EXCISECLASSIFICATIONNAME />
<EXCISETARIFF />
<EXCISEEXEMPTION />
<TRADERCNSALESNUMBER />
<BASICPACKAGEMARKS />
<BASICNUMPACKAGES />
<SDTAXCLASSIFICATIONNAME />
<NATUREOFCOMPONENT />
<COMPONENTLISTTYPE />
<DISPLAYNATUREOFCOMPONENT />
<BOMNAME />
<ORIGINVOICENUMBER />
<ORIGINVOICEBOOKNAME />
<ORIGSALESINVNO />
<EXCISERETURNINVOICENO />
<REASONOFREJECTION />
<EXCISECREDITPARTY />
<EXCISECREDITSTKITEM />
<EXCISECREDITCATEGORY />
<TRADERSUPPLIERINVOICENO />
<EXCISESALESINVOICENO />
<ADDLAMOUNT />
<ISDEEMEDPOSITIVE>No</ISDEEMEDPOSITIVE>
<ISLASTDEEMEDPOSITIVE>No</ISLASTDEEMEDPOSITIVE>
<ISAUTONEGATE>No</ISAUTONEGATE>
<ISCUSTOMSCLEARANCE>No</ISCUSTOMSCLEARANCE>
<ISTRACKCOMPONENT>No</ISTRACKCOMPONENT>
<ISTRACKPRODUCTION>No</ISTRACKPRODUCTION>
<ISPRIMARYITEM>No</ISPRIMARYITEM>
<ISSCRAP>No</ISSCRAP>
<RATE>150.00/Mtr</RATE>
<DISCOUNT>0</DISCOUNT>
<ORIGINVGOODSQTY>0</ORIGINVGOODSQTY>
<EXCISEMRPABATEMENT>0</EXCISEMRPABATEMENT>
<ADDLCOSTPERC>0</ADDLCOSTPERC>
<REVISEDRATEOFDUTY>0</REVISEDRATEOFDUTY>
<ORIGRATEOFDUTY>0</ORIGRATEOFDUTY>
<ORIGMRPABATEMENT>0</ORIGMRPABATEMENT>
<EXCISERETURNDUTYRATE>0</EXCISERETURNDUTYRATE>
<AMOUNT>3750.00</AMOUNT>
<EXCISEASSESSABLEVALUE />
<ORIGINVGOODSVALUE />
<ORIGINVGOODSTAXVALUE />
<ACTUALQTY>25.000 Mtr</ACTUALQTY>
<BILLEDQTY>25.000 Mtr</BILLEDQTY>
<ORIGACTUALQTY />
<ORIGBILLEDQTY />
<EXCISERETURNINVOICEQTY />
<USABLEQTY />
<EXCISECREDITPENDINGQTY />
<MRPRATE />
<EXCISEMRPRATE />
<ORIGRATE />
<REVISEDRATE />
<ESCALATIONRATE />
<ORIGMRPRATE />
<ORIGRATEOFQTY />
<REVISEDRATEOFQTY />
<INCLUSIVETAXVALUE />
<ISSTOCKITEMEXIST />
<STOCKITEMACTQTY />
<TEMPISEXCISEITEMEXIST />
<PREVREVISEDRATEPER />
<PREVSTOCKITEMNAME />
<EXCISECREDITNOTENUMBER />
<ORIGCONSUMEQTY />
<TEMPSTKBOMQTY />
<ISALLOCATEDINACCT />
<ISEXCISEOVERRIDEDETAILS />
<BATCHALLOCATIONS.LIST>
<MFDON />
<ORDERYEAREND />
<TRACKINGYEAREND />
<ORDERPRECLOSUREDATE />
<NARRATION />
<GODOWNNAME>Aaslali</GODOWNNAME>
<BATCHNAME>100001</BATCHNAME>
<DESTINATIONGODOWNNAME>Aaslali</DESTINATIONGODOWNNAME>
<INDENTNO />
<ORDERTYPE />
<PARENTITEM />
<ORDERCLOSUREREASON />
<ORDERNO />
<TRACKINGNUMBER>3333</TRACKINGNUMBER>
<DYNAMICCSTNO />
<DYNAMICCSTPARENTITEM />
<SUMDYNAMICCSTNO />
<SUMBATCHNAME />
<SUMTRACKINGNUMBER />
<SUMORDERNO />
<SUMINDENTNO />
<ADDLAMOUNT />
<DYNAMICCSTISCLEARED>No</DYNAMICCSTISCLEARED>
<AMOUNT>1500.00</AMOUNT>
<ADDLEXPENSEAMOUNT />
<BATCHDIFFVAL />
<ACTUALQTY>10.000 Mtr</ACTUALQTY>
<BILLEDQTY>10.000 Mtr</BILLEDQTY>
<ORDERPRECLOSUREQTY />
<ORIGACTUALQTY />
<ORIGBILLEDQTY />
<BATCHPHYSDIFF />
<ORIGRATE />
<REVISEDRATE />
<ESCALATIONRATE />
<EXPIRYPERIOD />
<INDENTDUEDATE />
<ORDERDUEDATE />
<INCLUSIVETAXVALUE />
<ISPRECLOSED />
<BATCHALLOCBOMNAME />
<PREVBATCHALLOCBOMNAME />
<BOMALLOCACCEPTED />
<BATCHALLOCBOMBASEQTY />
<COSTTRACKID>0</COSTTRACKID>
<ADDITIONALDETAILS.LIST />
<VOUCHERCOMPONENTLIST.LIST />
 </BATCHALLOCATIONS.LIST>
<BATCHALLOCATIONS.LIST>
<MFDON />
<ORDERYEAREND />
<TRACKINGYEAREND />
<ORDERPRECLOSUREDATE />
<NARRATION />
<GODOWNNAME>Aaslali</GODOWNNAME>
<BATCHNAME>10002</BATCHNAME>
<DESTINATIONGODOWNNAME>Aaslali</DESTINATIONGODOWNNAME>
<INDENTNO />
<ORDERTYPE />
<PARENTITEM />
<ORDERCLOSUREREASON />
<ORDERNO />
<TRACKINGNUMBER>3333</TRACKINGNUMBER>
<DYNAMICCSTNO />
<DYNAMICCSTPARENTITEM />
<SUMDYNAMICCSTNO />
<SUMBATCHNAME />
<SUMTRACKINGNUMBER />
<SUMORDERNO />
<SUMINDENTNO />
<ADDLAMOUNT />
<DYNAMICCSTISCLEARED>No</DYNAMICCSTISCLEARED>
<AMOUNT>2250.00</AMOUNT>
<ADDLEXPENSEAMOUNT />
<BATCHDIFFVAL />
<ACTUALQTY>15.000 Mtr</ACTUALQTY>
<BILLEDQTY>15.000 Mtr</BILLEDQTY>
<ORDERPRECLOSUREQTY />
<ORIGACTUALQTY />
<ORIGBILLEDQTY />
<BATCHPHYSDIFF />
<ORIGRATE />
<REVISEDRATE />
<ESCALATIONRATE />
<EXPIRYPERIOD />
<INDENTDUEDATE />
<ORDERDUEDATE />
<INCLUSIVETAXVALUE />
<ISPRECLOSED />
<BATCHALLOCBOMNAME />
<PREVBATCHALLOCBOMNAME />
<BOMALLOCACCEPTED />
<BATCHALLOCBOMBASEQTY />
<COSTTRACKID>0</COSTTRACKID>
<ADDITIONALDETAILS.LIST />
<VOUCHERCOMPONENTLIST.LIST />
 </BATCHALLOCATIONS.LIST>
<ACCOUNTINGALLOCATIONS.LIST>
<OLDAUDITENTRYIDS.LIST TYPE="Number">
<OLDAUDITENTRYIDS>-1</OLDAUDITENTRYIDS>
</OLDAUDITENTRYIDS.LIST>
<NARRATION />
<ADDLALLOCTYPE />
<TAXCLASSIFICATIONNAME />
<NOTIFICATIONSLNO />
<ROUNDTYPE />
<LEDGERNAME>Sales (CST 2%)</LEDGERNAME>
<TAXUNITNAME />
<STATNATURENAME />
<GOODSTYPE />
<METHODTYPE />
<CLASSRATE />
<STATCLASSIFICATIONNAME />
<EXCISECLASSIFICATIONNAME />
<VATCOMMODITYNAME />
<SCHEDULE />
<SCHEDULESERIALNUMBER />
<VATCOMMODITYCODE />
<VATTRADENAME />
<VATMAJORCOMMODITYNAME />
<TDSPARTYNAME />
<VATPARTYORGNAME />
<XBRLADJTYPE />
<VOUCHERFBTCATEGORY />
<TYPEOFTAXPAYMENT />
<VATCALCULATIONTYPE />
<VATWORKSCONTRACTTYPE />
<VATWCDESCRIPTION />
<GSTCLASS />
<SCHVIADJTYPE />
<POSPAYMENTTYPE />
<ISDEEMEDPOSITIVE>No</ISDEEMEDPOSITIVE>
<LEDGERFROMITEM>No</LEDGERFROMITEM>
<REMOVEZEROENTRIES>No</REMOVEZEROENTRIES>
<ISPARTYLEDGER>No</ISPARTYLEDGER>
<ISLASTDEEMEDPOSITIVE>No</ISLASTDEEMEDPOSITIVE>
<STCRADJPERCENT>0</STCRADJPERCENT>
<ROUNDLIMIT>0</ROUNDLIMIT>
<RATEOFADDLVAT>0</RATEOFADDLVAT>
<RATEOFCESSONVAT>0</RATEOFCESSONVAT>
<VATTAXRATE>0</VATTAXRATE>
<VATITEMQTY>0</VATITEMQTY>
<PREVINVTOTALNUM>0</PREVINVTOTALNUM>
<VATWCDEDUCTIONRATE>0</VATWCDEDUCTIONRATE>
<ORIGINVGOODSQTY>0</ORIGINVGOODSQTY>
<AMOUNT>3750.00</AMOUNT>
<FBTEXEMPTAMOUNT />
<VATASSESSABLEVALUE />
<VATWCCOSTOFLAND />
<VATWCDEDLABOURCHARGES />
<VATWCOTHERDEDUCTIONAMT />
<VATWCVALUEOFTAXFREEGOODS />
<VATWCOTHERCHARGES />
<VATWCSUBCONTRACTORAMT />
<PREVAMOUNT />
<PREVINVTOTALAMT />
<VATWCDEDUCTIONAMOUNT />
<ORIGINVGOODSVALUE />
<ORIGINVGOODSTAXVALUE />
<VATWCESTABLISHMENTCOST />
<VATWCCONTRACTORPROFIT />
<VATWCPLANNINGDESIGNFEES />
<VATWCMACHINERYTOOLSCHARGES />
<VATWCCONSUMABLESCOST />
<VATEXPAMOUNT />
<CASHRECEIVED />
<DENOMINATIONCOUNT1000X>0</DENOMINATIONCOUNT1000X>
<DENOMINATIONCOUNT500X>0</DENOMINATIONCOUNT500X>
<DENOMINATIONCOUNT100X>0</DENOMINATIONCOUNT100X>
<DENOMINATIONCOUNT50X>0</DENOMINATIONCOUNT50X>
<DENOMINATIONCOUNT20X>0</DENOMINATIONCOUNT20X>
<DENOMINATIONCOUNT10X>0</DENOMINATIONCOUNT10X>
<DENOMINATIONCOUNT5X>0</DENOMINATIONCOUNT5X>
<DENOMINATIONCOUNT2X>0</DENOMINATIONCOUNT2X>
<DENOMINATIONCOUNT1X>0</DENOMINATIONCOUNT1X>
<DENOMINATIONAMOUNTOTHERS />
<TEMPVATCLASSIFICATION />
<ISVATADJLEDGER />
<RBVATTAXAMOUNT />
<ISCLASSIFYMODIFY />
<VATASSESMENTATE>0</VATASSESMENTATE>
<EXCISETEMPDUTYVAL />
<SERVICETAXDETAILS.LIST />
<BANKALLOCATIONS.LIST />
<BILLALLOCATIONS.LIST />
<INTERESTCOLLECTION.LIST />
<OLDAUDITENTRIES.LIST />
<ACCOUNTAUDITENTRIES.LIST />
<AUDITENTRIES.LIST />
<INPUTCRALLOCS.LIST />
<DUTYHEADDETAILS.LIST />
<EXCISEDUTYHEADDETAILS.LIST />
<SUMMARYALLOCS.LIST />
<STPYMTDETAILS.LIST />
<EXCISEPAYMENTALLOCATIONS.LIST />
<TAXBILLALLOCATIONS.LIST />
<TAXOBJECTALLOCATIONS.LIST />
<TDSEXPENSEALLOCATIONS.LIST />
<VATSTATUTORYDETAILS.LIST />
<COSTTRACKALLOCATIONS.LIST />
<REFVOUCHERDETAILS.LIST />
<INVOICEWISEDETAILS.LIST />
<VATITCDETAILS.LIST />
 </ACCOUNTINGALLOCATIONS.LIST>
<DUTYHEADDETAILS.LIST />
<SUPPLEMENTARYDUTYHEADDETAILS.LIST />
<TAXOBJECTALLOCATIONS.LIST />
<REFVOUCHERDETAILS.LIST />
<EXCISEALLOCATIONS.LIST />
<EXPENSEALLOCATIONS.LIST />
 </ALLINVENTORYENTRIES.LIST>
<ALLINVENTORYENTRIES.LIST>
<ORIGINVOICEDATE />
<ORIGSALESINVDATE />
<DESCRIPTION />
<STOCKITEMNAME>Glaciour 90"</STOCKITEMNAME>
<EXCISECLASSIFICATIONNAME />
<EXCISETARIFF />
<EXCISEEXEMPTION />
<TRADERCNSALESNUMBER />
<BASICPACKAGEMARKS />
<BASICNUMPACKAGES />
<SDTAXCLASSIFICATIONNAME />
<NATUREOFCOMPONENT />
<COMPONENTLISTTYPE />
<DISPLAYNATUREOFCOMPONENT />
<BOMNAME />
<ORIGINVOICENUMBER />
<ORIGINVOICEBOOKNAME />
<ORIGSALESINVNO />
<EXCISERETURNINVOICENO />
<REASONOFREJECTION />
<EXCISECREDITPARTY />
<EXCISECREDITSTKITEM />
<EXCISECREDITCATEGORY />
<TRADERSUPPLIERINVOICENO />
<EXCISESALESINVOICENO />
<ADDLAMOUNT />
<ISDEEMEDPOSITIVE>No</ISDEEMEDPOSITIVE>
<ISLASTDEEMEDPOSITIVE>No</ISLASTDEEMEDPOSITIVE>
<ISAUTONEGATE>No</ISAUTONEGATE>
<ISCUSTOMSCLEARANCE>No</ISCUSTOMSCLEARANCE>
<ISTRACKCOMPONENT>No</ISTRACKCOMPONENT>
<ISTRACKPRODUCTION>No</ISTRACKPRODUCTION>
<ISPRIMARYITEM>No</ISPRIMARYITEM>
<ISSCRAP>No</ISSCRAP>
<RATE>78.00/Mtr</RATE>
<DISCOUNT>0</DISCOUNT>
<ORIGINVGOODSQTY>0</ORIGINVGOODSQTY>
<EXCISEMRPABATEMENT>0</EXCISEMRPABATEMENT>
<ADDLCOSTPERC>0</ADDLCOSTPERC>
<REVISEDRATEOFDUTY>0</REVISEDRATEOFDUTY>
<ORIGRATEOFDUTY>0</ORIGRATEOFDUTY>
<ORIGMRPABATEMENT>0</ORIGMRPABATEMENT>
<EXCISERETURNDUTYRATE>0</EXCISERETURNDUTYRATE>
<AMOUNT>7800.00</AMOUNT>
<EXCISEASSESSABLEVALUE />
<ORIGINVGOODSVALUE />
<ORIGINVGOODSTAXVALUE />
<ACTUALQTY>100.000 Mtr</ACTUALQTY>
<BILLEDQTY>100.000 Mtr</BILLEDQTY>
<ORIGACTUALQTY />
<ORIGBILLEDQTY />
<EXCISERETURNINVOICEQTY />
<USABLEQTY />
<EXCISECREDITPENDINGQTY />
<MRPRATE />
<EXCISEMRPRATE />
<ORIGRATE />
<REVISEDRATE />
<ESCALATIONRATE />
<ORIGMRPRATE />
<ORIGRATEOFQTY />
<REVISEDRATEOFQTY />
<INCLUSIVETAXVALUE />
<ISSTOCKITEMEXIST />
<STOCKITEMACTQTY />
<TEMPISEXCISEITEMEXIST />
<PREVREVISEDRATEPER />
<PREVSTOCKITEMNAME />
<EXCISECREDITNOTENUMBER />
<ORIGCONSUMEQTY />
<TEMPSTKBOMQTY />
<ISALLOCATEDINACCT />
<ISEXCISEOVERRIDEDETAILS />
<BATCHALLOCATIONS.LIST>
<MFDON />
<ORDERYEAREND />
<TRACKINGYEAREND />
<ORDERPRECLOSUREDATE />
<NARRATION />
<GODOWNNAME>Aaslali</GODOWNNAME>
<BATCHNAME>39234</BATCHNAME>
<DESTINATIONGODOWNNAME>Aaslali</DESTINATIONGODOWNNAME>
<INDENTNO />
<ORDERTYPE />
<PARENTITEM />
<ORDERCLOSUREREASON />
<ORDERNO />
<TRACKINGNUMBER>3333</TRACKINGNUMBER>
<DYNAMICCSTNO />
<DYNAMICCSTPARENTITEM />
<SUMDYNAMICCSTNO />
<SUMBATCHNAME />
<SUMTRACKINGNUMBER />
<SUMORDERNO />
<SUMINDENTNO />
<ADDLAMOUNT />
<DYNAMICCSTISCLEARED>No</DYNAMICCSTISCLEARED>
<AMOUNT>7800.00</AMOUNT>
<ADDLEXPENSEAMOUNT />
<BATCHDIFFVAL />
<ACTUALQTY>100.000 Mtr</ACTUALQTY>
<BILLEDQTY>100.000 Mtr</BILLEDQTY>
<ORDERPRECLOSUREQTY />
<ORIGACTUALQTY />
<ORIGBILLEDQTY />
<BATCHPHYSDIFF />
<ORIGRATE />
<REVISEDRATE />
<ESCALATIONRATE />
<EXPIRYPERIOD />
<INDENTDUEDATE />
<ORDERDUEDATE />
<INCLUSIVETAXVALUE />
<ISPRECLOSED />
<BATCHALLOCBOMNAME />
<PREVBATCHALLOCBOMNAME />
<BOMALLOCACCEPTED />
<BATCHALLOCBOMBASEQTY />
<COSTTRACKID>0</COSTTRACKID>
<ADDITIONALDETAILS.LIST />
<VOUCHERCOMPONENTLIST.LIST />
 </BATCHALLOCATIONS.LIST>
<ACCOUNTINGALLOCATIONS.LIST>
<OLDAUDITENTRYIDS.LIST TYPE="Number">
<OLDAUDITENTRYIDS>-1</OLDAUDITENTRYIDS>
</OLDAUDITENTRYIDS.LIST>
<NARRATION />
<ADDLALLOCTYPE />
<TAXCLASSIFICATIONNAME />
<NOTIFICATIONSLNO />
<ROUNDTYPE />
<LEDGERNAME>Sales (CST 2%)</LEDGERNAME>
<TAXUNITNAME />
<STATNATURENAME />
<GOODSTYPE />
<METHODTYPE />
<CLASSRATE />
<STATCLASSIFICATIONNAME />
<EXCISECLASSIFICATIONNAME />
<VATCOMMODITYNAME />
<SCHEDULE />
<SCHEDULESERIALNUMBER />
<VATCOMMODITYCODE />
<VATTRADENAME />
<VATMAJORCOMMODITYNAME />
<TDSPARTYNAME />
<VATPARTYORGNAME />
<XBRLADJTYPE />
<VOUCHERFBTCATEGORY />
<TYPEOFTAXPAYMENT />
<VATCALCULATIONTYPE />
<VATWORKSCONTRACTTYPE />
<VATWCDESCRIPTION />
<GSTCLASS />
<SCHVIADJTYPE />
<POSPAYMENTTYPE />
<ISDEEMEDPOSITIVE>No</ISDEEMEDPOSITIVE>
<LEDGERFROMITEM>No</LEDGERFROMITEM>
<REMOVEZEROENTRIES>No</REMOVEZEROENTRIES>
<ISPARTYLEDGER>No</ISPARTYLEDGER>
<ISLASTDEEMEDPOSITIVE>No</ISLASTDEEMEDPOSITIVE>
<STCRADJPERCENT>0</STCRADJPERCENT>
<ROUNDLIMIT>0</ROUNDLIMIT>
<RATEOFADDLVAT>0</RATEOFADDLVAT>
<RATEOFCESSONVAT>0</RATEOFCESSONVAT>
<VATTAXRATE>0</VATTAXRATE>
<VATITEMQTY>0</VATITEMQTY>
<PREVINVTOTALNUM>0</PREVINVTOTALNUM>
<VATWCDEDUCTIONRATE>0</VATWCDEDUCTIONRATE>
<ORIGINVGOODSQTY>0</ORIGINVGOODSQTY>
<AMOUNT>7800.00</AMOUNT>
<FBTEXEMPTAMOUNT />
<VATASSESSABLEVALUE />
<VATWCCOSTOFLAND />
<VATWCDEDLABOURCHARGES />
<VATWCOTHERDEDUCTIONAMT />
<VATWCVALUEOFTAXFREEGOODS />
<VATWCOTHERCHARGES />
<VATWCSUBCONTRACTORAMT />
<PREVAMOUNT />
<PREVINVTOTALAMT />
<VATWCDEDUCTIONAMOUNT />
<ORIGINVGOODSVALUE />
<ORIGINVGOODSTAXVALUE />
<VATWCESTABLISHMENTCOST />
<VATWCCONTRACTORPROFIT />
<VATWCPLANNINGDESIGNFEES />
<VATWCMACHINERYTOOLSCHARGES />
<VATWCCONSUMABLESCOST />
<VATEXPAMOUNT />
<CASHRECEIVED />
<DENOMINATIONCOUNT1000X>0</DENOMINATIONCOUNT1000X>
<DENOMINATIONCOUNT500X>0</DENOMINATIONCOUNT500X>
<DENOMINATIONCOUNT100X>0</DENOMINATIONCOUNT100X>
<DENOMINATIONCOUNT50X>0</DENOMINATIONCOUNT50X>
<DENOMINATIONCOUNT20X>0</DENOMINATIONCOUNT20X>
<DENOMINATIONCOUNT10X>0</DENOMINATIONCOUNT10X>
<DENOMINATIONCOUNT5X>0</DENOMINATIONCOUNT5X>
<DENOMINATIONCOUNT2X>0</DENOMINATIONCOUNT2X>
<DENOMINATIONCOUNT1X>0</DENOMINATIONCOUNT1X>
<DENOMINATIONAMOUNTOTHERS />
<TEMPVATCLASSIFICATION />
<ISVATADJLEDGER />
<RBVATTAXAMOUNT />
<ISCLASSIFYMODIFY />
<VATASSESMENTATE>0</VATASSESMENTATE>
<EXCISETEMPDUTYVAL />
<SERVICETAXDETAILS.LIST />
<BANKALLOCATIONS.LIST />
<BILLALLOCATIONS.LIST />
<INTERESTCOLLECTION.LIST />
<OLDAUDITENTRIES.LIST />
<ACCOUNTAUDITENTRIES.LIST />
<AUDITENTRIES.LIST />
<INPUTCRALLOCS.LIST />
<DUTYHEADDETAILS.LIST />
<EXCISEDUTYHEADDETAILS.LIST />
<SUMMARYALLOCS.LIST />
<STPYMTDETAILS.LIST />
<EXCISEPAYMENTALLOCATIONS.LIST />
<TAXBILLALLOCATIONS.LIST />
<TAXOBJECTALLOCATIONS.LIST />
<TDSEXPENSEALLOCATIONS.LIST />
<VATSTATUTORYDETAILS.LIST />
<COSTTRACKALLOCATIONS.LIST />
<REFVOUCHERDETAILS.LIST />
<INVOICEWISEDETAILS.LIST />
<VATITCDETAILS.LIST />
 </ACCOUNTINGALLOCATIONS.LIST>
<DUTYHEADDETAILS.LIST />
<SUPPLEMENTARYDUTYHEADDETAILS.LIST />
<TAXOBJECTALLOCATIONS.LIST />
<REFVOUCHERDETAILS.LIST />
<EXCISEALLOCATIONS.LIST />
<EXPENSEALLOCATIONS.LIST />
 </ALLINVENTORYENTRIES.LIST>
<PAYROLLMODEOFPAYMENT.LIST />
<ATTDRECORDS.LIST />
<UDF:TRADERCONSVATTINNO.LIST DESC="`TraderConsVATTINNo`" ISLIST="YES" TYPE="String" INDEX="10015">
<UDF:TRADERCONSVATTINNO DESC="`TraderConsVATTINNo`">29890095601</UDF:TRADERCONSVATTINNO>
</UDF:TRADERCONSVATTINNO.LIST>
<UDF:VATDEALERNATURE.LIST DESC="`VATDealerNature`" ISLIST="YES" TYPE="String" INDEX="10031">
<UDF:VATDEALERNATURE DESC="`VATDealerNature`">Inter State Dealer</UDF:VATDEALERNATURE>
</UDF:VATDEALERNATURE.LIST>
 </VOUCHER>
</TALLYMESSAGE>
<TALLYMESSAGE>
<VOUCHER REMOTEID="58ee5fe2-96ce-4c52-b973-70f7fcca224a-0000ff11" VCHKEY="58ee5fe2-96ce-4c52-b973-70f7fcca224a-0000a48c:00000018" VCHTYPE="Sales Retail Invoice" ACTION="Create" OBJVIEW="Invoice Voucher View">
<ADDRESS.LIST TYPE="String">
<ADDRESS>Banglore</ADDRESS>
</ADDRESS.LIST>
<BASICBUYERADDRESS.LIST TYPE="String">
<BASICBUYERADDRESS>Banglore</BASICBUYERADDRESS>
</BASICBUYERADDRESS.LIST>
<OLDAUDITENTRYIDS.LIST TYPE="Number">
<OLDAUDITENTRYIDS>-1</OLDAUDITENTRYIDS>
</OLDAUDITENTRYIDS.LIST>
<ACTIVETO />
<ALTEREDON />
<DATE>20150501</DATE>
<LUTDATEOFISSUE />
<LUTEXPIRYDATE />
<BONDDATEOFISSUE />
<BONDEXPIRYDATE />
<TAXCHEQUEDATE />
<TAXCHALLANDATE />
<RECONCILATIONDATE />
<FORM16ISSUEDATE />
<CSTFORMISSUEDATE />
<CSTFORMRECVDATE />
<CERTIFICATEDATE />
<FBTFROMDATE />
<FBTTODATE />
<RETURNINVOICEDATE />
<AGGREMENTORDERDATE />
<GOODSRCPTDATE />
<BILLOFENTRYDATE />
<LORRYRECPTDATE />
<TRANSSALELANDINGDATE />
<TRANSBUYERLANDINGDATE />
<CREDITLETTERDATE />
<AIRWAYBILLDATE />
<SHIPPINGBILLDATE />
<VATORDERDATE />
<INVDELIVERYDATE />
<REFERENCEDATE />
<BILLOFLADINGDATE />
<VATDEPOSITDATE />
<VATDOCUMENTDATE />
<VATCHALLANDATE />
<ECDATE />
<VATTDSDATE />
<VATPARTYTRANSRETURNDATE />
<ADJFROMDATE />
<ADJTODATE />
<VATDDCHEQUEDATE />
<TAXPAYPERIODFROMDATE />
<TAXPAYPERIODTODATE />
<STTAXCHALLANDATE />
<VATSUBMISSIONDATE />
<PARTYINVDATE />
<INSPDOCDATE />
<VATCANCINVDATE />
<VATGOODSRECEIPTDATE />
<AUDITEDON />
<GUID>58ee5fe2-96ce-4c52-b973-70f7fcca224a-0000ff11</GUID>
<STATENAME />
<VATDEALERTYPE />
<PRICELEVEL />
<TDSNATUREOFPAYMENT />
<AUTOCOSTLEVEL />
<NARRATION />
<REQUESTORRULE />
<ALTEREDBY />
<IMPORTEREXPORTERCODE />
<NATUREOFSALES />
<EXCISENOTIFICATIONNO />
<LUTNUMBER />
<BONDNUMBER />
<AUTHORITYNAME />
<AUTHORITYADDRESS />
<TAXUNITNAME />
<EXCISEUNITNAME />
<CLASSNAME />
<POSCARDLEDGER />
<POSCASHLEDGER />
<POSGIFTLEDGER />
<POSCHEQUELEDGER />
<EXCISECLASSIFICATIONNAME />
<TDSSECTIONNO />
<TDSDEDNSTATUS />
<TAXBANKCHALLANNUMBER />
<TAXCHALLANBSRCODE />
<TAXCHEQUENUMBER />
<TAXBANKNAME />
<TAXBANKBRANCHNAME />
<PARTYNAME>A B Corporation</PARTYNAME>
<VOUCHERTYPENAME>Sales Retail Invoice</VOUCHERTYPENAME>
<REFERENCE>2344</REFERENCE>
<VOUCHERNUMBER>5R0002</VOUCHERNUMBER>
<PARTYLEDGERNAME>A B Corporation ( Banglore)</PARTYLEDGERNAME>
<BASICBASEPARTYNAME>A B Corporation ( Banglore)</BASICBASEPARTYNAME>
<BASICVOUCHERCHEQUENAME />
<BASICVOUCHERCROSSCOMMENT />
<EXCHGCURRENCYNAME />
<SERIALMASTER />
<SERIALNUMBER />
<STATADJUSTMENTTYPE />
<STATPAYMENTTYPE />
<CONSIGNEEIECODE />
<SUPPLIERIECODE />
<ARESERIALMASTER />
<ARESERIALNUMBER />
<SUMAUTOVCHNUM />
<TAXBANKACCOUNTNUMBER />
<CSTFORMISSUETYPE />
<CSTFORMISSUENUMBER />
<CSTFORMRECVTYPE />
<CSTFORMRECVNUMBER />
<CONSIGNEECSTNUMBER />
<BUYERSCSTNUMBER />
<CSTFORMISSUESERIESNUM />
<CSTFORMRECVSERIESNUM />
<EXCISETREASURYNUMBER />
<EXCISETREASURYNAME />
<CERTIFICATETYPE />
<CERTIFICATENUMBER />
<AREFORMTYPE />
<DESTINATIONTAXUNIT />
<FBTPAYMENTTYPE>Default</FBTPAYMENTTYPE>
<POSCARDNUMBER />
<POSCHEQUENUMBER />
<POSCHEQUEBANKNAME />
<TAXADJUSTMENT />
<CHALLANTYPE />
<CHEQUEDEPOSITORNAME />
<EXCISENOTIFICATIONSERIALNO />
<PERSISTEDVIEW>Invoice Voucher View</PERSISTEDVIEW>
<EXCISETARIFFTYPE />
<CONSIGNEELBTREGNNO />
<CONSIGNEELBTZONE />
<SUPPLIERLBTREGNNO />
<SUPPLIERLBTZONE />
<LBTMAPPEDCATEGORY />
<LBTMAPPEDZONE />
<LBTNATUREOFLIABILITY />
<CASHPARTYPAN />
<CASHPARTYDEDTYPE />
<VCHTAXTYPE />
<PURPOSEOFPURCHASE />
<POINTOFTRANSACTION />
<TRANSPORTERNAME />
<TRANSPORTMODE />
<AGGREMENTORDERNO />
<FOREIGNSELLERNAME />
<EXPORTERCOUNTRY />
<BILLOFENTRYNO />
<GOODSVEHICLENUMBER />
<SHIPNAME />
<SHIPAGENTNAME />
<CLEARINGAGENTNAME />
<LORRYRECPTNO />
<CARRIERNAME />
<CREDITLETTERREF />
<AIRWAYBILLNO />
<SHIPPINGBILLNO />
<FWDAGENTNAME />
<VATORDERNO />
<VATSELLERTIN />
<TRANSSOURCEPLACE />
<TRANSCATEGORY />
<VATDOCUMENTTYPE />
<VATTRANSBILLQTY />
<VATTRANSBILLNO />
<BILLOFLADINGNO />
<VATPAIDAGAINST />
<VATBANKNAME />
<VATBANKBRANCH />
<VATDDCHEQUENO />
<VATADJUSTMENTTYPE />
<VATFORMSTATUS />
<VATDOCUMENTNUMBER />
<VATSOURCESTATE />
<VATDESTINATIONSTATE />
<VATDESTINATIONPLACE />
<VATPARTYORGTYPE />
<VATPARTYTYPE />
<VATCHALLANNUMBER />
<VATDESIGOFPURCHASER />
<VATPURCHASERCPTTYPE />
<VATGOODSRCPTNO />
<VATPARTYORGNAME />
<AIRPORTNAME />
<TDNOFAWARDER />
<ECNUMBER />
<ECISSUINGAUTHORITY />
<CONTRACTORTIN />
<VATTDSBARCODE />
<VATPYMTMODEOFDEPOSIT />
<VATPYMTTAXDESC />
<VATBANKACCNUMBER />
<VATBRANCHCODE />
<VATTRANSSOURCE />
<VATPARTYTRANSRETURNNUMBER />
<VATADJADDLDETAILS />
<VATBRANCHNAME />
<PRIORITYSTATECONFLICT />
<EICHECKPOST />
<PORTNAME />
<PORTCODE />
<STTVCHRHANDLE />
<SRVTREGNUMBER />
<TAXPAYMENTTYPE />
<STTAXBANKCHALLANNUMBER />
<TYPEOFEXCISEVOUCHER />
<VCHTAXUNIT />
<BASICSHIPPEDBY />
<BASICDESTINATIONCOUNTRY />
<BASICBUYERNAME>A B Corporation</BASICBUYERNAME>
<BASICPLACEOFRECEIPT />
<BASICSHIPDOCUMENTNO />
<BASICPORTOFLOADING />
<BASICPORTOFDISCHARGE />
<BASICFINALDESTINATION />
<BASICORDERREF />
<BASICSHIPVESSELNO />
<BASICBUYERSSALESTAXNO>29890095601</BASICBUYERSSALESTAXNO>
<BASICDUEDATEOFPYMT />
<BASICSERIALNUMINPLA />
<BASICDATETIMEOFINVOICE>1-May-2015 at 21:11</BASICDATETIMEOFINVOICE>
<BASICDATETIMEOFREMOVAL>1-May-2015 at 21:11</BASICDATETIMEOFREMOVAL>
<BUYERADDRESSTYPE />
<PARTYADDRESSTYPE />
<MFGRADDRESSTYPE />
<TRANSPORTERADDRROOM />
<TRANSPORTERADDRBLDG />
<TRANSPORTERADDRROAD />
<TRANSPORTERADDRAREA />
<TRANSPORTERADDRTOWN />
<TRANSPORTERADDRDIST />
<TRANSPORTERADDRSTATE />
<TRANSPORTERADDRPINCODE />
<TRANSPORTERADDRPHONE />
<TRANSPORTERADDRFAX />
<TRANSPORTERVEHICLE2 />
<TRANSPORTLOCALTIN />
<VATCFORMISSUESTATE />
<VCHGSTCLASS />
<COSTCENTRENAME />
<ADDITIONALNARRATION />
<PARTYINVNO />
<INSPDOCNO />
<SETTLEMENTTYPE />
<VOUCHERTIME />
<HOLDREFERENCE />
<VATCANCINVNO />
<VATCANCPURCTIN />
<VATCANCPURCNAME />
<VATTYPEOFDEVICE />
<VATBRIEFDESCRIPTION />
<VATDEVICENO />
<BUYERPINNUMBER />
<VATEXPORTENTRYNO />
<CONSIGNEEPINNUMBER />
<VATEXEMPTCERTIFICATENO />
<VATVEHICLENUMBER />
<VATGOODSRECEIPTNUMBER />
<VATMOBILENUMBER />
<ENTEREDBY>a</ENTEREDBY>
<VOUCHERTYPEORIGNAME>Sales Retail Invoice</VOUCHERTYPEORIGNAME>
<DIFFACTUALQTY>No</DIFFACTUALQTY>
<ISMSTFROMSYNC>No</ISMSTFROMSYNC>
<ASORIGINAL>No</ASORIGINAL>
<AUDITED>No</AUDITED>
<FORJOBCOSTING>No</FORJOBCOSTING>
<ISOPTIONAL>No</ISOPTIONAL>
<EFFECTIVEDATE>20150501</EFFECTIVEDATE>
<USEFOREXCISE>No</USEFOREXCISE>
<ISFORJOBWORKIN>No</ISFORJOBWORKIN>
<ALLOWCONSUMPTION>No</ALLOWCONSUMPTION>
<USEFORINTEREST>No</USEFORINTEREST>
<USEFORGAINLOSS>No</USEFORGAINLOSS>
<USEFORGODOWNTRANSFER>No</USEFORGODOWNTRANSFER>
<USEFORCOMPOUND>No</USEFORCOMPOUND>
<USEFORSERVICETAX>No</USEFORSERVICETAX>
<ISEXCISEVOUCHER>No</ISEXCISEVOUCHER>
<EXCISETAXOVERRIDE>No</EXCISETAXOVERRIDE>
<USEFORTAXUNITTRANSFER>No</USEFORTAXUNITTRANSFER>
<EXCISEOPENING>No</EXCISEOPENING>
<USEFORFINALPRODUCTION>No</USEFORFINALPRODUCTION>
<ISTDSOVERRIDDEN>No</ISTDSOVERRIDDEN>
<ISTCSOVERRIDDEN>No</ISTCSOVERRIDDEN>
<ISTDSTCSCASHVCH>No</ISTDSTCSCASHVCH>
<INCLUDEADVPYMTVCH>No</INCLUDEADVPYMTVCH>
<ISSUBWORKSCONTRACT>No</ISSUBWORKSCONTRACT>
<ISVATOVERRIDDEN>No</ISVATOVERRIDDEN>
<IGNOREORIGVCHDATE>No</IGNOREORIGVCHDATE>
<ISSERVICETAXOVERRIDDEN>No</ISSERVICETAXOVERRIDDEN>
<ISISDVOUCHER>No</ISISDVOUCHER>
<ISEXCISEOVERRIDDEN>No</ISEXCISEOVERRIDDEN>
<ISEXCISESUPPLYVCH>No</ISEXCISESUPPLYVCH>
<ISVATPRINCIPALACCOUNT>No</ISVATPRINCIPALACCOUNT>
<ISSHIPPINGWITHINSTATE>No</ISSHIPPINGWITHINSTATE>
<ISCANCELLED>No</ISCANCELLED>
<HASCASHFLOW>No</HASCASHFLOW>
<ISPOSTDATED>No</ISPOSTDATED>
<USETRACKINGNUMBER>No</USETRACKINGNUMBER>
<ISINVOICE>Yes</ISINVOICE>
<MFGJOURNAL>No</MFGJOURNAL>
<HASDISCOUNTS>No</HASDISCOUNTS>
<ASPAYSLIP>No</ASPAYSLIP>
<ISCOSTCENTRE>No</ISCOSTCENTRE>
<ISSTXNONREALIZEDVCH>No</ISSTXNONREALIZEDVCH>
<ISEXCISEMANUFACTURERON>No</ISEXCISEMANUFACTURERON>
<ISBLANKCHEQUE>No</ISBLANKCHEQUE>
<ISVOID>No</ISVOID>
<ISONHOLD>No</ISONHOLD>
<ORDERLINESTATUS>No</ORDERLINESTATUS>
<VATISAGNSTCANCSALES>No</VATISAGNSTCANCSALES>
<VATISPURCEXEMPTED>No</VATISPURCEXEMPTED>
<ISVATRESTAXINVOICE>No</ISVATRESTAXINVOICE>
<ISDELETED>No</ISDELETED>
<CHANGEVCHMODE>No</CHANGEVCHMODE>
<ALTERID>159961</ALTERID>
<MASTERID>65297</MASTERID>
<VOUCHERKEY>180921202376728</VOUCHERKEY>
<ECFEERATE>0</ECFEERATE>
<BONDAMOUNT />
<POSCASHRECEIVED />
<CUSTOMDUTYPAID />
<VATPARTYITCCLAIMED />
<VATPARTYTAXLIABILITY />
<VALUEOFWORKSCONTRACT />
<ECFEEAMOUNT />
<ECFEEDEPOSITBYAWARDER />
<ECFEEDEPOSITBYCONTRACTOR />
<TDSDEDUCTED />
<VALUEOFSUBWORKSCONT />
<VATTDSAMT />
<VATGOODSVALUE />
<EXCHGRATE />
<PROCESSINGDURATION />
<PREVBOMNAME />
<CURBOMNAME />
<COMMONNATUREOFPAYMENT />
<CURRPARTYLEDGERNAME />
<CURRBASICBUYERNAME />
<CURRPARTYNAME />
<CURRBUYERADDRESSTYPE />
<CURRPARTYADDRESSTYPE />
<CURRBASICPURCHASEORDERNO />
<CURRBASICSHIPDELIVERYNOTE />
<POSSTAXPARTYLEDGERNAME />
<ISATTDDATAPRESERVED />
<ISCSTAGTFORMC />
<EIDEFAULTLED_ISUSERDEFINED />
<EIDEFAULTLED_CLASSNAME />
<EIDEFAULTLED_CLASSRATE>0</EIDEFAULTLED_CLASSRATE>
<EIDEFAULTLED_CLASSADDLRATE>0</EIDEFAULTLED_CLASSADDLRATE>
<TEMPVATCLASSIFICATION />
<EXCLUDEDTAXATIONS.LIST />
<OLDAUDITENTRIES.LIST />
<ACCOUNTAUDITENTRIES.LIST />
<AUDITENTRIES.LIST />
<DUTYHEADDETAILS.LIST />
<SUPPLEMENTARYDUTYHEADDETAILS.LIST />
<INVOICEDELNOTES.LIST>
<BASICSHIPPINGDATE>20150501</BASICSHIPPINGDATE>
<BASICSHIPDELIVERYNOTE>3333</BASICSHIPDELIVERYNOTE>
 </INVOICEDELNOTES.LIST>
<INVOICEORDERLIST.LIST />
<INVOICEINDENTLIST.LIST />
<ATTENDANCEENTRIES.LIST />
<ORIGINVOICEDETAILS.LIST />
<INVOICEEXPORTLIST.LIST />
<LEDGERENTRIES.LIST>
<OLDAUDITENTRYIDS.LIST TYPE="Number">
<OLDAUDITENTRYIDS>-1</OLDAUDITENTRYIDS>
</OLDAUDITENTRYIDS.LIST>
<NARRATION />
<ADDLALLOCTYPE />
<TAXCLASSIFICATIONNAME />
<NOTIFICATIONSLNO />
<ROUNDTYPE />
<LEDGERNAME>A B Corporation ( Banglore)</LEDGERNAME>
<TAXUNITNAME />
<STATNATURENAME />
<GOODSTYPE />
<METHODTYPE />
<CLASSRATE />
<STATCLASSIFICATIONNAME />
<EXCISECLASSIFICATIONNAME />
<VATCOMMODITYNAME />
<SCHEDULE />
<SCHEDULESERIALNUMBER />
<VATCOMMODITYCODE />
<VATTRADENAME />
<VATMAJORCOMMODITYNAME />
<TDSPARTYNAME />
<VATPARTYORGNAME />
<XBRLADJTYPE />
<VOUCHERFBTCATEGORY />
<TYPEOFTAXPAYMENT />
<VATCALCULATIONTYPE />
<VATWORKSCONTRACTTYPE />
<VATWCDESCRIPTION />
<GSTCLASS />
<SCHVIADJTYPE />
<POSPAYMENTTYPE />
<ISDEEMEDPOSITIVE>Yes</ISDEEMEDPOSITIVE>
<LEDGERFROMITEM>No</LEDGERFROMITEM>
<REMOVEZEROENTRIES>No</REMOVEZEROENTRIES>
<ISPARTYLEDGER>Yes</ISPARTYLEDGER>
<ISLASTDEEMEDPOSITIVE>Yes</ISLASTDEEMEDPOSITIVE>
<STCRADJPERCENT>0</STCRADJPERCENT>
<ROUNDLIMIT>0</ROUNDLIMIT>
<RATEOFADDLVAT>0</RATEOFADDLVAT>
<RATEOFCESSONVAT>0</RATEOFCESSONVAT>
<VATTAXRATE>0</VATTAXRATE>
<VATITEMQTY>0</VATITEMQTY>
<PREVINVTOTALNUM>0</PREVINVTOTALNUM>
<VATWCDEDUCTIONRATE>0</VATWCDEDUCTIONRATE>
<ORIGINVGOODSQTY>0</ORIGINVGOODSQTY>
<AMOUNT>-11550.00</AMOUNT>
<FBTEXEMPTAMOUNT />
<VATASSESSABLEVALUE />
<VATWCCOSTOFLAND />
<VATWCDEDLABOURCHARGES />
<VATWCOTHERDEDUCTIONAMT />
<VATWCVALUEOFTAXFREEGOODS />
<VATWCOTHERCHARGES />
<VATWCSUBCONTRACTORAMT />
<PREVAMOUNT />
<PREVINVTOTALAMT />
<VATWCDEDUCTIONAMOUNT />
<ORIGINVGOODSVALUE />
<ORIGINVGOODSTAXVALUE />
<VATWCESTABLISHMENTCOST />
<VATWCCONTRACTORPROFIT />
<VATWCPLANNINGDESIGNFEES />
<VATWCMACHINERYTOOLSCHARGES />
<VATWCCONSUMABLESCOST />
<VATEXPAMOUNT />
<CASHRECEIVED />
<DENOMINATIONCOUNT1000X>0</DENOMINATIONCOUNT1000X>
<DENOMINATIONCOUNT500X>0</DENOMINATIONCOUNT500X>
<DENOMINATIONCOUNT100X>0</DENOMINATIONCOUNT100X>
<DENOMINATIONCOUNT50X>0</DENOMINATIONCOUNT50X>
<DENOMINATIONCOUNT20X>0</DENOMINATIONCOUNT20X>
<DENOMINATIONCOUNT10X>0</DENOMINATIONCOUNT10X>
<DENOMINATIONCOUNT5X>0</DENOMINATIONCOUNT5X>
<DENOMINATIONCOUNT2X>0</DENOMINATIONCOUNT2X>
<DENOMINATIONCOUNT1X>0</DENOMINATIONCOUNT1X>
<DENOMINATIONAMOUNTOTHERS />
<TEMPVATCLASSIFICATION />
<ISVATADJLEDGER />
<RBVATTAXAMOUNT />
<ISCLASSIFYMODIFY />
<VATASSESMENTATE>0</VATASSESMENTATE>
<EXCISETEMPDUTYVAL />
<SERVICETAXDETAILS.LIST />
<BANKALLOCATIONS.LIST />
<BILLALLOCATIONS.LIST>
<YEAREND />
<NAME>5R0001</NAME>
<BILLCREDITPERIOD />
<TDSDEDUCTEESECTIONNUMBER />
<TDSLEDGERNC />
<SERVICETAXLEDGER />
<BILLTYPE>Agst Ref</BILLTYPE>
<SUMNAME />
<TDSDEDUCTEEISSPECIALRATE>No</TDSDEDUCTEEISSPECIALRATE>
<TDSDEDUCTEESPECIALRATE>0</TDSDEDUCTEESPECIALRATE>
<AMOUNT>-11550.00</AMOUNT>
<INTERESTCOLLECTION.LIST />
<STBILLCATEGORIES.LIST />
 </BILLALLOCATIONS.LIST>
<INTERESTCOLLECTION.LIST />
<OLDAUDITENTRIES.LIST />
<ACCOUNTAUDITENTRIES.LIST />
<AUDITENTRIES.LIST />
<INPUTCRALLOCS.LIST />
<DUTYHEADDETAILS.LIST />
<EXCISEDUTYHEADDETAILS.LIST />
<SUMMARYALLOCS.LIST />
<STPYMTDETAILS.LIST />
<EXCISEPAYMENTALLOCATIONS.LIST />
<TAXBILLALLOCATIONS.LIST />
<TAXOBJECTALLOCATIONS.LIST />
<TDSEXPENSEALLOCATIONS.LIST />
<VATSTATUTORYDETAILS.LIST />
<COSTTRACKALLOCATIONS.LIST />
<REFVOUCHERDETAILS.LIST />
<INVOICEWISEDETAILS.LIST />
<VATITCDETAILS.LIST />
 </LEDGERENTRIES.LIST>
<ALLINVENTORYENTRIES.LIST>
<ORIGINVOICEDATE />
<ORIGSALESINVDATE />
<DESCRIPTION />
<STOCKITEMNAME>Sonata 90" 38065</STOCKITEMNAME>
<EXCISECLASSIFICATIONNAME />
<EXCISETARIFF />
<EXCISEEXEMPTION />
<TRADERCNSALESNUMBER />
<BASICPACKAGEMARKS />
<BASICNUMPACKAGES />
<SDTAXCLASSIFICATIONNAME />
<NATUREOFCOMPONENT />
<COMPONENTLISTTYPE />
<DISPLAYNATUREOFCOMPONENT />
<BOMNAME />
<ORIGINVOICENUMBER />
<ORIGINVOICEBOOKNAME />
<ORIGSALESINVNO />
<EXCISERETURNINVOICENO />
<REASONOFREJECTION />
<EXCISECREDITPARTY />
<EXCISECREDITSTKITEM />
<EXCISECREDITCATEGORY />
<TRADERSUPPLIERINVOICENO />
<EXCISESALESINVOICENO />
<ADDLAMOUNT />
<ISDEEMEDPOSITIVE>No</ISDEEMEDPOSITIVE>
<ISLASTDEEMEDPOSITIVE>No</ISLASTDEEMEDPOSITIVE>
<ISAUTONEGATE>No</ISAUTONEGATE>
<ISCUSTOMSCLEARANCE>No</ISCUSTOMSCLEARANCE>
<ISTRACKCOMPONENT>No</ISTRACKCOMPONENT>
<ISTRACKPRODUCTION>No</ISTRACKPRODUCTION>
<ISPRIMARYITEM>No</ISPRIMARYITEM>
<ISSCRAP>No</ISSCRAP>
<RATE>150.00/Mtr</RATE>
<DISCOUNT>0</DISCOUNT>
<ORIGINVGOODSQTY>0</ORIGINVGOODSQTY>
<EXCISEMRPABATEMENT>0</EXCISEMRPABATEMENT>
<ADDLCOSTPERC>0</ADDLCOSTPERC>
<REVISEDRATEOFDUTY>0</REVISEDRATEOFDUTY>
<ORIGRATEOFDUTY>0</ORIGRATEOFDUTY>
<ORIGMRPABATEMENT>0</ORIGMRPABATEMENT>
<EXCISERETURNDUTYRATE>0</EXCISERETURNDUTYRATE>
<AMOUNT>3750.00</AMOUNT>
<EXCISEASSESSABLEVALUE />
<ORIGINVGOODSVALUE />
<ORIGINVGOODSTAXVALUE />
<ACTUALQTY>25.000 Mtr</ACTUALQTY>
<BILLEDQTY>25.000 Mtr</BILLEDQTY>
<ORIGACTUALQTY />
<ORIGBILLEDQTY />
<EXCISERETURNINVOICEQTY />
<USABLEQTY />
<EXCISECREDITPENDINGQTY />
<MRPRATE />
<EXCISEMRPRATE />
<ORIGRATE />
<REVISEDRATE />
<ESCALATIONRATE />
<ORIGMRPRATE />
<ORIGRATEOFQTY />
<REVISEDRATEOFQTY />
<INCLUSIVETAXVALUE />
<ISSTOCKITEMEXIST />
<STOCKITEMACTQTY />
<TEMPISEXCISEITEMEXIST />
<PREVREVISEDRATEPER />
<PREVSTOCKITEMNAME />
<EXCISECREDITNOTENUMBER />
<ORIGCONSUMEQTY />
<TEMPSTKBOMQTY />
<ISALLOCATEDINACCT />
<ISEXCISEOVERRIDEDETAILS />
<BATCHALLOCATIONS.LIST>
<MFDON />
<ORDERYEAREND />
<TRACKINGYEAREND />
<ORDERPRECLOSUREDATE />
<NARRATION />
<GODOWNNAME>Aaslali</GODOWNNAME>
<BATCHNAME>100001</BATCHNAME>
<DESTINATIONGODOWNNAME>Aaslali</DESTINATIONGODOWNNAME>
<INDENTNO />
<ORDERTYPE />
<PARENTITEM />
<ORDERCLOSUREREASON />
<ORDERNO />
<TRACKINGNUMBER>3333</TRACKINGNUMBER>
<DYNAMICCSTNO />
<DYNAMICCSTPARENTITEM />
<SUMDYNAMICCSTNO />
<SUMBATCHNAME />
<SUMTRACKINGNUMBER />
<SUMORDERNO />
<SUMINDENTNO />
<ADDLAMOUNT />
<DYNAMICCSTISCLEARED>No</DYNAMICCSTISCLEARED>
<AMOUNT>1500.00</AMOUNT>
<ADDLEXPENSEAMOUNT />
<BATCHDIFFVAL />
<ACTUALQTY>10.000 Mtr</ACTUALQTY>
<BILLEDQTY>10.000 Mtr</BILLEDQTY>
<ORDERPRECLOSUREQTY />
<ORIGACTUALQTY />
<ORIGBILLEDQTY />
<BATCHPHYSDIFF />
<ORIGRATE />
<REVISEDRATE />
<ESCALATIONRATE />
<EXPIRYPERIOD />
<INDENTDUEDATE />
<ORDERDUEDATE />
<INCLUSIVETAXVALUE />
<ISPRECLOSED />
<BATCHALLOCBOMNAME />
<PREVBATCHALLOCBOMNAME />
<BOMALLOCACCEPTED />
<BATCHALLOCBOMBASEQTY />
<COSTTRACKID>0</COSTTRACKID>
<ADDITIONALDETAILS.LIST />
<VOUCHERCOMPONENTLIST.LIST />
 </BATCHALLOCATIONS.LIST>
<BATCHALLOCATIONS.LIST>
<MFDON />
<ORDERYEAREND />
<TRACKINGYEAREND />
<ORDERPRECLOSUREDATE />
<NARRATION />
<GODOWNNAME>Aaslali</GODOWNNAME>
<BATCHNAME>10002</BATCHNAME>
<DESTINATIONGODOWNNAME>Aaslali</DESTINATIONGODOWNNAME>
<INDENTNO />
<ORDERTYPE />
<PARENTITEM />
<ORDERCLOSUREREASON />
<ORDERNO />
<TRACKINGNUMBER>3333</TRACKINGNUMBER>
<DYNAMICCSTNO />
<DYNAMICCSTPARENTITEM />
<SUMDYNAMICCSTNO />
<SUMBATCHNAME />
<SUMTRACKINGNUMBER />
<SUMORDERNO />
<SUMINDENTNO />
<ADDLAMOUNT />
<DYNAMICCSTISCLEARED>No</DYNAMICCSTISCLEARED>
<AMOUNT>2250.00</AMOUNT>
<ADDLEXPENSEAMOUNT />
<BATCHDIFFVAL />
<ACTUALQTY>15.000 Mtr</ACTUALQTY>
<BILLEDQTY>15.000 Mtr</BILLEDQTY>
<ORDERPRECLOSUREQTY />
<ORIGACTUALQTY />
<ORIGBILLEDQTY />
<BATCHPHYSDIFF />
<ORIGRATE />
<REVISEDRATE />
<ESCALATIONRATE />
<EXPIRYPERIOD />
<INDENTDUEDATE />
<ORDERDUEDATE />
<INCLUSIVETAXVALUE />
<ISPRECLOSED />
<BATCHALLOCBOMNAME />
<PREVBATCHALLOCBOMNAME />
<BOMALLOCACCEPTED />
<BATCHALLOCBOMBASEQTY />
<COSTTRACKID>0</COSTTRACKID>
<ADDITIONALDETAILS.LIST />
<VOUCHERCOMPONENTLIST.LIST />
 </BATCHALLOCATIONS.LIST>
<ACCOUNTINGALLOCATIONS.LIST>
<OLDAUDITENTRYIDS.LIST TYPE="Number">
<OLDAUDITENTRYIDS>-1</OLDAUDITENTRYIDS>
</OLDAUDITENTRYIDS.LIST>
<NARRATION />
<ADDLALLOCTYPE />
<TAXCLASSIFICATIONNAME />
<NOTIFICATIONSLNO />
<ROUNDTYPE />
<LEDGERNAME>Sales (CST 2%)</LEDGERNAME>
<TAXUNITNAME />
<STATNATURENAME />
<GOODSTYPE />
<METHODTYPE />
<CLASSRATE />
<STATCLASSIFICATIONNAME />
<EXCISECLASSIFICATIONNAME />
<VATCOMMODITYNAME />
<SCHEDULE />
<SCHEDULESERIALNUMBER />
<VATCOMMODITYCODE />
<VATTRADENAME />
<VATMAJORCOMMODITYNAME />
<TDSPARTYNAME />
<VATPARTYORGNAME />
<XBRLADJTYPE />
<VOUCHERFBTCATEGORY />
<TYPEOFTAXPAYMENT />
<VATCALCULATIONTYPE />
<VATWORKSCONTRACTTYPE />
<VATWCDESCRIPTION />
<GSTCLASS />
<SCHVIADJTYPE />
<POSPAYMENTTYPE />
<ISDEEMEDPOSITIVE>No</ISDEEMEDPOSITIVE>
<LEDGERFROMITEM>No</LEDGERFROMITEM>
<REMOVEZEROENTRIES>No</REMOVEZEROENTRIES>
<ISPARTYLEDGER>No</ISPARTYLEDGER>
<ISLASTDEEMEDPOSITIVE>No</ISLASTDEEMEDPOSITIVE>
<STCRADJPERCENT>0</STCRADJPERCENT>
<ROUNDLIMIT>0</ROUNDLIMIT>
<RATEOFADDLVAT>0</RATEOFADDLVAT>
<RATEOFCESSONVAT>0</RATEOFCESSONVAT>
<VATTAXRATE>0</VATTAXRATE>
<VATITEMQTY>0</VATITEMQTY>
<PREVINVTOTALNUM>0</PREVINVTOTALNUM>
<VATWCDEDUCTIONRATE>0</VATWCDEDUCTIONRATE>
<ORIGINVGOODSQTY>0</ORIGINVGOODSQTY>
<AMOUNT>3750.00</AMOUNT>
<FBTEXEMPTAMOUNT />
<VATASSESSABLEVALUE />
<VATWCCOSTOFLAND />
<VATWCDEDLABOURCHARGES />
<VATWCOTHERDEDUCTIONAMT />
<VATWCVALUEOFTAXFREEGOODS />
<VATWCOTHERCHARGES />
<VATWCSUBCONTRACTORAMT />
<PREVAMOUNT />
<PREVINVTOTALAMT />
<VATWCDEDUCTIONAMOUNT />
<ORIGINVGOODSVALUE />
<ORIGINVGOODSTAXVALUE />
<VATWCESTABLISHMENTCOST />
<VATWCCONTRACTORPROFIT />
<VATWCPLANNINGDESIGNFEES />
<VATWCMACHINERYTOOLSCHARGES />
<VATWCCONSUMABLESCOST />
<VATEXPAMOUNT />
<CASHRECEIVED />
<DENOMINATIONCOUNT1000X>0</DENOMINATIONCOUNT1000X>
<DENOMINATIONCOUNT500X>0</DENOMINATIONCOUNT500X>
<DENOMINATIONCOUNT100X>0</DENOMINATIONCOUNT100X>
<DENOMINATIONCOUNT50X>0</DENOMINATIONCOUNT50X>
<DENOMINATIONCOUNT20X>0</DENOMINATIONCOUNT20X>
<DENOMINATIONCOUNT10X>0</DENOMINATIONCOUNT10X>
<DENOMINATIONCOUNT5X>0</DENOMINATIONCOUNT5X>
<DENOMINATIONCOUNT2X>0</DENOMINATIONCOUNT2X>
<DENOMINATIONCOUNT1X>0</DENOMINATIONCOUNT1X>
<DENOMINATIONAMOUNTOTHERS />
<TEMPVATCLASSIFICATION />
<ISVATADJLEDGER />
<RBVATTAXAMOUNT />
<ISCLASSIFYMODIFY />
<VATASSESMENTATE>0</VATASSESMENTATE>
<EXCISETEMPDUTYVAL />
<SERVICETAXDETAILS.LIST />
<BANKALLOCATIONS.LIST />
<BILLALLOCATIONS.LIST />
<INTERESTCOLLECTION.LIST />
<OLDAUDITENTRIES.LIST />
<ACCOUNTAUDITENTRIES.LIST />
<AUDITENTRIES.LIST />
<INPUTCRALLOCS.LIST />
<DUTYHEADDETAILS.LIST />
<EXCISEDUTYHEADDETAILS.LIST />
<SUMMARYALLOCS.LIST />
<STPYMTDETAILS.LIST />
<EXCISEPAYMENTALLOCATIONS.LIST />
<TAXBILLALLOCATIONS.LIST />
<TAXOBJECTALLOCATIONS.LIST />
<TDSEXPENSEALLOCATIONS.LIST />
<VATSTATUTORYDETAILS.LIST />
<COSTTRACKALLOCATIONS.LIST />
<REFVOUCHERDETAILS.LIST />
<INVOICEWISEDETAILS.LIST />
<VATITCDETAILS.LIST />
 </ACCOUNTINGALLOCATIONS.LIST>
<DUTYHEADDETAILS.LIST />
<SUPPLEMENTARYDUTYHEADDETAILS.LIST />
<TAXOBJECTALLOCATIONS.LIST />
<REFVOUCHERDETAILS.LIST />
<EXCISEALLOCATIONS.LIST />
<EXPENSEALLOCATIONS.LIST />
 </ALLINVENTORYENTRIES.LIST>
<ALLINVENTORYENTRIES.LIST>
<ORIGINVOICEDATE />
<ORIGSALESINVDATE />
<DESCRIPTION />
<STOCKITEMNAME>Glaciour 90"</STOCKITEMNAME>
<EXCISECLASSIFICATIONNAME />
<EXCISETARIFF />
<EXCISEEXEMPTION />
<TRADERCNSALESNUMBER />
<BASICPACKAGEMARKS />
<BASICNUMPACKAGES />
<SDTAXCLASSIFICATIONNAME />
<NATUREOFCOMPONENT />
<COMPONENTLISTTYPE />
<DISPLAYNATUREOFCOMPONENT />
<BOMNAME />
<ORIGINVOICENUMBER />
<ORIGINVOICEBOOKNAME />
<ORIGSALESINVNO />
<EXCISERETURNINVOICENO />
<REASONOFREJECTION />
<EXCISECREDITPARTY />
<EXCISECREDITSTKITEM />
<EXCISECREDITCATEGORY />
<TRADERSUPPLIERINVOICENO />
<EXCISESALESINVOICENO />
<ADDLAMOUNT />
<ISDEEMEDPOSITIVE>No</ISDEEMEDPOSITIVE>
<ISLASTDEEMEDPOSITIVE>No</ISLASTDEEMEDPOSITIVE>
<ISAUTONEGATE>No</ISAUTONEGATE>
<ISCUSTOMSCLEARANCE>No</ISCUSTOMSCLEARANCE>
<ISTRACKCOMPONENT>No</ISTRACKCOMPONENT>
<ISTRACKPRODUCTION>No</ISTRACKPRODUCTION>
<ISPRIMARYITEM>No</ISPRIMARYITEM>
<ISSCRAP>No</ISSCRAP>
<RATE>78.00/Mtr</RATE>
<DISCOUNT>0</DISCOUNT>
<ORIGINVGOODSQTY>0</ORIGINVGOODSQTY>
<EXCISEMRPABATEMENT>0</EXCISEMRPABATEMENT>
<ADDLCOSTPERC>0</ADDLCOSTPERC>
<REVISEDRATEOFDUTY>0</REVISEDRATEOFDUTY>
<ORIGRATEOFDUTY>0</ORIGRATEOFDUTY>
<ORIGMRPABATEMENT>0</ORIGMRPABATEMENT>
<EXCISERETURNDUTYRATE>0</EXCISERETURNDUTYRATE>
<AMOUNT>7800.00</AMOUNT>
<EXCISEASSESSABLEVALUE />
<ORIGINVGOODSVALUE />
<ORIGINVGOODSTAXVALUE />
<ACTUALQTY>100.000 Mtr</ACTUALQTY>
<BILLEDQTY>100.000 Mtr</BILLEDQTY>
<ORIGACTUALQTY />
<ORIGBILLEDQTY />
<EXCISERETURNINVOICEQTY />
<USABLEQTY />
<EXCISECREDITPENDINGQTY />
<MRPRATE />
<EXCISEMRPRATE />
<ORIGRATE />
<REVISEDRATE />
<ESCALATIONRATE />
<ORIGMRPRATE />
<ORIGRATEOFQTY />
<REVISEDRATEOFQTY />
<INCLUSIVETAXVALUE />
<ISSTOCKITEMEXIST />
<STOCKITEMACTQTY />
<TEMPISEXCISEITEMEXIST />
<PREVREVISEDRATEPER />
<PREVSTOCKITEMNAME />
<EXCISECREDITNOTENUMBER />
<ORIGCONSUMEQTY />
<TEMPSTKBOMQTY />
<ISALLOCATEDINACCT />
<ISEXCISEOVERRIDEDETAILS />
<BATCHALLOCATIONS.LIST>
<MFDON />
<ORDERYEAREND />
<TRACKINGYEAREND />
<ORDERPRECLOSUREDATE />
<NARRATION />
<GODOWNNAME>Aaslali</GODOWNNAME>
<BATCHNAME>39234</BATCHNAME>
<DESTINATIONGODOWNNAME>Aaslali</DESTINATIONGODOWNNAME>
<INDENTNO />
<ORDERTYPE />
<PARENTITEM />
<ORDERCLOSUREREASON />
<ORDERNO />
<TRACKINGNUMBER>3333</TRACKINGNUMBER>
<DYNAMICCSTNO />
<DYNAMICCSTPARENTITEM />
<SUMDYNAMICCSTNO />
<SUMBATCHNAME />
<SUMTRACKINGNUMBER />
<SUMORDERNO />
<SUMINDENTNO />
<ADDLAMOUNT />
<DYNAMICCSTISCLEARED>No</DYNAMICCSTISCLEARED>
<AMOUNT>7800.00</AMOUNT>
<ADDLEXPENSEAMOUNT />
<BATCHDIFFVAL />
<ACTUALQTY>100.000 Mtr</ACTUALQTY>
<BILLEDQTY>100.000 Mtr</BILLEDQTY>
<ORDERPRECLOSUREQTY />
<ORIGACTUALQTY />
<ORIGBILLEDQTY />
<BATCHPHYSDIFF />
<ORIGRATE />
<REVISEDRATE />
<ESCALATIONRATE />
<EXPIRYPERIOD />
<INDENTDUEDATE />
<ORDERDUEDATE />
<INCLUSIVETAXVALUE />
<ISPRECLOSED />
<BATCHALLOCBOMNAME />
<PREVBATCHALLOCBOMNAME />
<BOMALLOCACCEPTED />
<BATCHALLOCBOMBASEQTY />
<COSTTRACKID>0</COSTTRACKID>
<ADDITIONALDETAILS.LIST />
<VOUCHERCOMPONENTLIST.LIST />
 </BATCHALLOCATIONS.LIST>
<ACCOUNTINGALLOCATIONS.LIST>
<OLDAUDITENTRYIDS.LIST TYPE="Number">
<OLDAUDITENTRYIDS>-1</OLDAUDITENTRYIDS>
</OLDAUDITENTRYIDS.LIST>
<NARRATION />
<ADDLALLOCTYPE />
<TAXCLASSIFICATIONNAME />
<NOTIFICATIONSLNO />
<ROUNDTYPE />
<LEDGERNAME>Sales (CST 2%)</LEDGERNAME>
<TAXUNITNAME />
<STATNATURENAME />
<GOODSTYPE />
<METHODTYPE />
<CLASSRATE />
<STATCLASSIFICATIONNAME />
<EXCISECLASSIFICATIONNAME />
<VATCOMMODITYNAME />
<SCHEDULE />
<SCHEDULESERIALNUMBER />
<VATCOMMODITYCODE />
<VATTRADENAME />
<VATMAJORCOMMODITYNAME />
<TDSPARTYNAME />
<VATPARTYORGNAME />
<XBRLADJTYPE />
<VOUCHERFBTCATEGORY />
<TYPEOFTAXPAYMENT />
<VATCALCULATIONTYPE />
<VATWORKSCONTRACTTYPE />
<VATWCDESCRIPTION />
<GSTCLASS />
<SCHVIADJTYPE />
<POSPAYMENTTYPE />
<ISDEEMEDPOSITIVE>No</ISDEEMEDPOSITIVE>
<LEDGERFROMITEM>No</LEDGERFROMITEM>
<REMOVEZEROENTRIES>No</REMOVEZEROENTRIES>
<ISPARTYLEDGER>No</ISPARTYLEDGER>
<ISLASTDEEMEDPOSITIVE>No</ISLASTDEEMEDPOSITIVE>
<STCRADJPERCENT>0</STCRADJPERCENT>
<ROUNDLIMIT>0</ROUNDLIMIT>
<RATEOFADDLVAT>0</RATEOFADDLVAT>
<RATEOFCESSONVAT>0</RATEOFCESSONVAT>
<VATTAXRATE>0</VATTAXRATE>
<VATITEMQTY>0</VATITEMQTY>
<PREVINVTOTALNUM>0</PREVINVTOTALNUM>
<VATWCDEDUCTIONRATE>0</VATWCDEDUCTIONRATE>
<ORIGINVGOODSQTY>0</ORIGINVGOODSQTY>
<AMOUNT>7800.00</AMOUNT>
<FBTEXEMPTAMOUNT />
<VATASSESSABLEVALUE />
<VATWCCOSTOFLAND />
<VATWCDEDLABOURCHARGES />
<VATWCOTHERDEDUCTIONAMT />
<VATWCVALUEOFTAXFREEGOODS />
<VATWCOTHERCHARGES />
<VATWCSUBCONTRACTORAMT />
<PREVAMOUNT />
<PREVINVTOTALAMT />
<VATWCDEDUCTIONAMOUNT />
<ORIGINVGOODSVALUE />
<ORIGINVGOODSTAXVALUE />
<VATWCESTABLISHMENTCOST />
<VATWCCONTRACTORPROFIT />
<VATWCPLANNINGDESIGNFEES />
<VATWCMACHINERYTOOLSCHARGES />
<VATWCCONSUMABLESCOST />
<VATEXPAMOUNT />
<CASHRECEIVED />
<DENOMINATIONCOUNT1000X>0</DENOMINATIONCOUNT1000X>
<DENOMINATIONCOUNT500X>0</DENOMINATIONCOUNT500X>
<DENOMINATIONCOUNT100X>0</DENOMINATIONCOUNT100X>
<DENOMINATIONCOUNT50X>0</DENOMINATIONCOUNT50X>
<DENOMINATIONCOUNT20X>0</DENOMINATIONCOUNT20X>
<DENOMINATIONCOUNT10X>0</DENOMINATIONCOUNT10X>
<DENOMINATIONCOUNT5X>0</DENOMINATIONCOUNT5X>
<DENOMINATIONCOUNT2X>0</DENOMINATIONCOUNT2X>
<DENOMINATIONCOUNT1X>0</DENOMINATIONCOUNT1X>
<DENOMINATIONAMOUNTOTHERS />
<TEMPVATCLASSIFICATION />
<ISVATADJLEDGER />
<RBVATTAXAMOUNT />
<ISCLASSIFYMODIFY />
<VATASSESMENTATE>0</VATASSESMENTATE>
<EXCISETEMPDUTYVAL />
<SERVICETAXDETAILS.LIST />
<BANKALLOCATIONS.LIST />
<BILLALLOCATIONS.LIST />
<INTERESTCOLLECTION.LIST />
<OLDAUDITENTRIES.LIST />
<ACCOUNTAUDITENTRIES.LIST />
<AUDITENTRIES.LIST />
<INPUTCRALLOCS.LIST />
<DUTYHEADDETAILS.LIST />
<EXCISEDUTYHEADDETAILS.LIST />
<SUMMARYALLOCS.LIST />
<STPYMTDETAILS.LIST />
<EXCISEPAYMENTALLOCATIONS.LIST />
<TAXBILLALLOCATIONS.LIST />
<TAXOBJECTALLOCATIONS.LIST />
<TDSEXPENSEALLOCATIONS.LIST />
<VATSTATUTORYDETAILS.LIST />
<COSTTRACKALLOCATIONS.LIST />
<REFVOUCHERDETAILS.LIST />
<INVOICEWISEDETAILS.LIST />
<VATITCDETAILS.LIST />
 </ACCOUNTINGALLOCATIONS.LIST>
<DUTYHEADDETAILS.LIST />
<SUPPLEMENTARYDUTYHEADDETAILS.LIST />
<TAXOBJECTALLOCATIONS.LIST />
<REFVOUCHERDETAILS.LIST />
<EXCISEALLOCATIONS.LIST />
<EXPENSEALLOCATIONS.LIST />
 </ALLINVENTORYENTRIES.LIST>
<PAYROLLMODEOFPAYMENT.LIST />
<ATTDRECORDS.LIST />
<UDF:TRADERCONSVATTINNO.LIST DESC="`TraderConsVATTINNo`" ISLIST="YES" TYPE="String" INDEX="10015">
<UDF:TRADERCONSVATTINNO DESC="`TraderConsVATTINNo`">29890095601</UDF:TRADERCONSVATTINNO>
</UDF:TRADERCONSVATTINNO.LIST>
<UDF:VATDEALERNATURE.LIST DESC="`VATDealerNature`" ISLIST="YES" TYPE="String" INDEX="10031">
<UDF:VATDEALERNATURE DESC="`VATDealerNature`">Inter State Dealer</UDF:VATDEALERNATURE>
</UDF:VATDEALERNATURE.LIST>
 </VOUCHER>
</TALLYMESSAGE>
<TALLYMESSAGE>
<COMPANY>
<REMOTECMPINFO.LIST MERGE="Yes">
<NAME>acc3d36c-1b84-48e8-8552-dd78853b692c</NAME>
<REMOTECMPNAME>MB Bedsheet</REMOTECMPNAME>
<REMOTECMPSTATE>Gujarat</REMOTECMPSTATE>
 </REMOTECMPINFO.LIST>
<REMOTECMPINFO.LIST MERGE="Yes">
<NAME>58ee5fe2-96ce-4c52-b973-70f7fcca224a</NAME>
<REMOTECMPNAME>M.Bharatkumar 2014-15</REMOTECMPNAME>
<REMOTECMPSTATE>Gujarat</REMOTECMPSTATE>
 </REMOTECMPINFO.LIST>
<REMOTECMPINFO.LIST MERGE="Yes">
<NAME>acb868f7-3407-4b6c-a050-3f7c45cf61d6</NAME>
<REMOTECMPNAME>MB Towel</REMOTECMPNAME>
<REMOTECMPSTATE>Gujarat</REMOTECMPSTATE>
 </REMOTECMPINFO.LIST>
<REMOTECMPINFO.LIST MERGE="Yes">
<NAME>15b229d2-9143-4ce1-aca7-85c85dff88e6</NAME>
<REMOTECMPNAME>MB Mall</REMOTECMPNAME>
<REMOTECMPSTATE>Gujarat</REMOTECMPSTATE>
 </REMOTECMPINFO.LIST>
<REMOTECMPINFO.LIST MERGE="Yes">
<NAME>2fcb94e6-82a0-4f5a-bf90-948c433225c5</NAME>
<REMOTECMPNAME>M. BHARATKUMAR (2012-13)</REMOTECMPNAME>
<REMOTECMPSTATE>Gujarat</REMOTECMPSTATE>
 </REMOTECMPINFO.LIST>
 </COMPANY>
</TALLYMESSAGE>
 </DATA>
 </BODY>
 </ENVELOPE>

=======================
Stock Item Request
=======================

<ENVELOPE>
    <HEADER>
        <VERSION>1</VERSION>
        <TALLYREQUEST>EXPORT</TALLYREQUEST>
        <TYPE>COLLECTION</TYPE>
        <ID>Collection of Ledgers</ID>
    </HEADER>
    <BODY>
        <DESC>
            <STATICVARIABLES>
                <SVCURRENTCOMPANY>M.Bharatkumar 2017-18</SVCURRENTCOMPANY>
            </STATICVARIABLES>
            <TDL>
                <TDLMESSAGE>
                    <COLLECTION NAME="Collection of Ledgers" ISMODIFY="No" ISFIXED="No" ISINITIALIZE="No" ISOPTION="No" ISINTERNAL="No">
                        <TYPE>Stock Item</TYPE>
                        <NATIVEMETHOD>Parent</NATIVEMETHOD>
                        <NATIVEMETHOD>PartNo</NATIVEMETHOD>
                        <NATIVEMETHOD>BaseUnits</NATIVEMETHOD>
                        <NATIVEMETHOD>AdditionalUnits</NATIVEMETHOD>
                        <FILTERS>MYFILTER</FILTERS>
                    </COLLECTION>
                    <SYSTEM TYPE="Formulae" NAME="MYFILTER" ISMOIFY="NO" ISFIXED="NO" ISINTERNAL="NO">$partno = "49003"</SYSTEM>
                </TDLMESSAGE>
            </TDL>
        </DESC>
    </BODY>
</ENVELOPE>

=======================
Stock Item Response
=======================

<ENVELOPE>
 <HEADER>
  <VERSION>1</VERSION>
  <STATUS>1</STATUS>
 </HEADER>
 <BODY>
  <DESC>
   <CMPINFO>
    <COMPANY>0</COMPANY>
    <GROUP>0</GROUP>
    <LEDGER>0</LEDGER>
    <COSTCATEGORY>0</COSTCATEGORY>
    <COSTCENTRE>0</COSTCENTRE>
    <GODOWN>0</GODOWN>
    <STOCKGROUP>0</STOCKGROUP>
    <STOCKCATEGORY>0</STOCKCATEGORY>
    <STOCKITEM>0</STOCKITEM>
    <VOUCHERTYPE>0</VOUCHERTYPE>
    <CURRENCY>0</CURRENCY>
    <UNIT>0</UNIT>
    <BUDGET>0</BUDGET>
    <CLIENTRULE>0</CLIENTRULE>
    <SERVERRULE>0</SERVERRULE>
    <STATE>0</STATE>
    <TDSRATE>0</TDSRATE>
    <TAXCLASSIFICATION>0</TAXCLASSIFICATION>
    <STCATEGORY>0</STCATEGORY>
    <DEDUCTEETYPE>0</DEDUCTEETYPE>
    <ATTENDANCETYPE>0</ATTENDANCETYPE>
    <FBTCATEGORY>0</FBTCATEGORY>
    <FBTASSESSEETYPE>0</FBTASSESSEETYPE>
    <TARIFFCLASSIFICATION>0</TARIFFCLASSIFICATION>
    <EXCISEDUTYCLASSIFICATION>0</EXCISEDUTYCLASSIFICATION>
    <SERIALNUMBER>0</SERIALNUMBER>
    <ADJUSTMENTCLASSIFICATION>0</ADJUSTMENTCLASSIFICATION>
    <INCOMETAXSLAB>0</INCOMETAXSLAB>
    <INCOMETAXCLASSIFICATION>0</INCOMETAXCLASSIFICATION>
    <LBTCLASSIFICATION>0</LBTCLASSIFICATION>
    <TAXUNIT>0</TAXUNIT>
    <RETURNMASTER>0</RETURNMASTER>
    <VOUCHER>0</VOUCHER>
   </CMPINFO>
  </DESC>
  <DATA>
   <COLLECTION ISMSTDEPTYPE="Yes" MSTDEPTYPE="512">
    <STOCKITEM NAME="0" RESERVEDNAME="">    </STOCKITEM>
    <STOCKITEM NAME="20X20 WHITE" RESERVEDNAME="">    </STOCKITEM>
    <STOCKITEM NAME="39056 Glacior" RESERVEDNAME="">    </STOCKITEM>
    <STOCKITEM NAME="39057 Glacior" RESERVEDNAME="">    </STOCKITEM>
    <STOCKITEM NAME="555 Emb  3060" RESERVEDNAME="">    </STOCKITEM>
    <STOCKITEM NAME="Zigzag 3060 (3491)" RESERVEDNAME="">    </STOCKITEM>
   </COLLECTION>
  </DATA>
 </BODY>
</ENVELOPE>

=======================
Stock Group Request
=======================

<ENVELOPE>
	<HEADER>
		<VERSION>1</VERSION>
		<TALLYREQUEST>EXPORT</TALLYREQUEST>
		<TYPE>COLLECTION</TYPE>
		<ID>Collection of Ledgers</ID>
	</HEADER>
	<BODY>
		<DESC>
			<STATICVARIABLES>
				<SVCURRENTCOMPANY>M.Bharatkumar 2014-15</SVCURRENTCOMPANY>
			</STATICVARIABLES>
			<TDL>
				<TDLMESSAGE>
					<COLLECTION NAME="Collection of Ledgers" ISMODIFY="No" ISFIXED="No" ISINITIALIZE="No" ISOPTION="No" ISINTERNAL="No">
 						<TYPE>Stock Group</TYPE>
 					</COLLECTION>
				</TDLMESSAGE>
			</TDL>
		</DESC>
	</BODY>
</ENVELOPE>

=======================
Stock Group Response
=======================

<ENVELOPE>
 <HEADER>
  <VERSION>1</VERSION>
  <STATUS>1</STATUS>
 </HEADER>
 <BODY>
  <DESC>
   <CMPINFO>
    <COMPANY>0</COMPANY>
    <GROUP>0</GROUP>
    <LEDGER>1</LEDGER>
    <COSTCATEGORY>0</COSTCATEGORY>
    <COSTCENTRE>0</COSTCENTRE>
    <GODOWN>0</GODOWN>
    <STOCKGROUP>0</STOCKGROUP>
    <STOCKCATEGORY>0</STOCKCATEGORY>
    <STOCKITEM>0</STOCKITEM>
    <VOUCHERTYPE>0</VOUCHERTYPE>
    <CURRENCY>0</CURRENCY>
    <UNIT>0</UNIT>
    <BUDGET>0</BUDGET>
    <CLIENTRULE>0</CLIENTRULE>
    <SERVERRULE>0</SERVERRULE>
    <STATE>0</STATE>
    <TDSRATE>0</TDSRATE>
    <TAXCLASSIFICATION>0</TAXCLASSIFICATION>
    <STCATEGORY>0</STCATEGORY>
    <DEDUCTEETYPE>0</DEDUCTEETYPE>
    <ATTENDANCETYPE>0</ATTENDANCETYPE>
    <FBTCATEGORY>0</FBTCATEGORY>
    <FBTASSESSEETYPE>0</FBTASSESSEETYPE>
    <TARIFFCLASSIFICATION>0</TARIFFCLASSIFICATION>
    <EXCISEDUTYCLASSIFICATION>0</EXCISEDUTYCLASSIFICATION>
    <SERIALNUMBER>0</SERIALNUMBER>
    <ADJUSTMENTCLASSIFICATION>0</ADJUSTMENTCLASSIFICATION>
    <INCOMETAXSLAB>0</INCOMETAXSLAB>
    <INCOMETAXCLASSIFICATION>0</INCOMETAXCLASSIFICATION>
    <LBTCLASSIFICATION>0</LBTCLASSIFICATION>
    <TAXUNIT>0</TAXUNIT>
    <RETURNMASTER>0</RETURNMASTER>
    <VOUCHER>0</VOUCHER>
   </CMPINFO>
  </DESC>
  <DATA>
   <COLLECTION ISMSTDEPTYPE="Yes" MSTDEPTYPE="128">
    <STOCKGROUP NAME="000 SHEETING FRESH" RESERVEDNAME="">    </STOCKGROUP>
    <STOCKGROUP NAME="XTowel" RESERVEDNAME="">    </STOCKGROUP>
   </COLLECTION>
  </DATA>
 </BODY>
</ENVELOPE>

=================================
Stock Group Request with Parent
=================================

<ENVELOPE>
	<HEADER>
		<VERSION>1</VERSION>
		<TALLYREQUEST>EXPORT</TALLYREQUEST>
		<TYPE>COLLECTION</TYPE>
		<ID>Collection of Ledgers</ID>
	</HEADER>
	<BODY>
		<DESC>
			<STATICVARIABLES>
				<SVCURRENTCOMPANY>M.Bharatkumar 2014-15</SVCURRENTCOMPANY>
			</STATICVARIABLES>
			<TDL>
				<TDLMESSAGE>
					<COLLECTION NAME="Collection of Ledgers" ISMODIFY="No" ISFIXED="No" ISINITIALIZE="No" ISOPTION="No" ISINTERNAL="No">
 						<TYPE>Stock Group</TYPE>
 						<NATIVEMETHOD>Parent</NATIVEMETHOD>
 					</COLLECTION>
				</TDLMESSAGE>
			</TDL>
		</DESC>
	</BODY>
</ENVELOPE>

=================================
Stock Group Response with Parent
=================================

<ENVELOPE>
 <HEADER>
  <VERSION>1</VERSION>
  <STATUS>1</STATUS>
 </HEADER>
 <BODY>
  <DESC>
   <CMPINFO>
    <COMPANY>0</COMPANY>
    <GROUP>0</GROUP>
    <LEDGER>0</LEDGER>
    <COSTCATEGORY>0</COSTCATEGORY>
    <COSTCENTRE>0</COSTCENTRE>
    <GODOWN>0</GODOWN>
    <STOCKGROUP>0</STOCKGROUP>
    <STOCKCATEGORY>0</STOCKCATEGORY>
    <STOCKITEM>0</STOCKITEM>
    <VOUCHERTYPE>0</VOUCHERTYPE>
    <CURRENCY>0</CURRENCY>
    <UNIT>0</UNIT>
    <BUDGET>0</BUDGET>
    <CLIENTRULE>0</CLIENTRULE>
    <SERVERRULE>0</SERVERRULE>
    <STATE>0</STATE>
    <TDSRATE>0</TDSRATE>
    <TAXCLASSIFICATION>0</TAXCLASSIFICATION>
    <STCATEGORY>0</STCATEGORY>
    <DEDUCTEETYPE>0</DEDUCTEETYPE>
    <ATTENDANCETYPE>0</ATTENDANCETYPE>
    <FBTCATEGORY>0</FBTCATEGORY>
    <FBTASSESSEETYPE>0</FBTASSESSEETYPE>
    <TARIFFCLASSIFICATION>0</TARIFFCLASSIFICATION>
    <EXCISEDUTYCLASSIFICATION>0</EXCISEDUTYCLASSIFICATION>
    <SERIALNUMBER>0</SERIALNUMBER>
    <ADJUSTMENTCLASSIFICATION>0</ADJUSTMENTCLASSIFICATION>
    <INCOMETAXSLAB>0</INCOMETAXSLAB>
    <INCOMETAXCLASSIFICATION>0</INCOMETAXCLASSIFICATION>
    <LBTCLASSIFICATION>0</LBTCLASSIFICATION>
    <TAXUNIT>0</TAXUNIT>
    <RETURNMASTER>0</RETURNMASTER>
    <VOUCHER>0</VOUCHER>
   </CMPINFO>
  </DESC>
  <DATA>
   <COLLECTION ISMSTDEPTYPE="Yes" MSTDEPTYPE="128">
    <STOCKGROUP NAME="000 SHEETING FRESH" RESERVEDNAME="">
     <PARENT TYPE="String">02 Sheeting</PARENT>
    </STOCKGROUP>
    <STOCKGROUP NAME="001 Sheeting New" RESERVEDNAME="">
     <PARENT TYPE="String">&#4; Primary</PARENT>
    </STOCKGROUP>
    <STOCKGROUP NAME="002 Sheeting Plain New" RESERVEDNAME="">
     <PARENT TYPE="String">&#4; Primary</PARENT>
    </STOCKGROUP>
    <STOCKGROUP NAME="003 Bedsheet &amp; Pillow New" RESERVEDNAME="">
     <PARENT TYPE="String">&#4; Primary</PARENT>
    </STOCKGROUP>
    <STOCKGROUP NAME="004 FENT New" RESERVEDNAME="">
     <PARENT TYPE="String">&#4; Primary</PARENT>
    </STOCKGROUP>
    <STOCKGROUP NAME="005 Stch. New" RESERVEDNAME="">
     <PARENT TYPE="String">&#4; Primary</PARENT>
    </STOCKGROUP>
    <STOCKGROUP NAME="006 Send for Photo New" RESERVEDNAME="">
     <PARENT TYPE="String">&#4; Primary</PARENT>
    </STOCKGROUP>
    <STOCKGROUP NAME="007 Stch Pack Mat. New" RESERVEDNAME="">
     <PARENT TYPE="String">&#4; Primary</PARENT>
    </STOCKGROUP>
    <STOCKGROUP NAME="008 Process &amp; Folding New" RESERVEDNAME="">
     <PARENT TYPE="String">&#4; Primary</PARENT>
    </STOCKGROUP>
    <STOCKGROUP NAME="01 Towel" RESERVEDNAME="">
     <PARENT TYPE="String">Old</PARENT>
    </STOCKGROUP>
    <STOCKGROUP NAME="02.0 (Fent &amp; Reggs)" RESERVEDNAME="">
     <PARENT TYPE="String">Old</PARENT>
    </STOCKGROUP>
    <STOCKGROUP NAME="Towel Sgt 14 x 21" RESERVEDNAME="">
     <PARENT TYPE="String">01 Towel</PARENT>
    </STOCKGROUP>
    <STOCKGROUP NAME="XMate" RESERVEDNAME="">
     <PARENT TYPE="String">Old</PARENT>
    </STOCKGROUP>
    <STOCKGROUP NAME="X Other" RESERVEDNAME="">
     <PARENT TYPE="String">&#4; Primary</PARENT>
    </STOCKGROUP>
    <STOCKGROUP NAME="XTowel" RESERVEDNAME="">
     <PARENT TYPE="String">Old</PARENT>
    </STOCKGROUP>
   </COLLECTION>
  </DATA>
 </BODY>
</ENVELOPE>

========================
Stock Group Create
========================

<ENVELOPE>
    <HEADER>
        <VERSION>1</VERSION>
        <TALLYREQUEST>IMPORT</TALLYREQUEST>
        <TYPE>DATA</TYPE>
        <ID>All Masters</ID>
    </HEADER>
    <BODY>
        <DESC>
            <STATICVARIABLES>
                <IMPORTDUPS>@@DUPCOMBINE</IMPORTDUPS>
                <SVCURRENTCOMPANY>M.Bharatkumar 2019-20</SVCURRENTCOMPANY>
            </STATICVARIABLES>
        </DESC>
        <DATA>
            <TALLYMESSAGE>
                <STOCKGROUP Action="Create">
                    <NAME>RUPESH0 GROUP</NAME>
                    <PARENT>01 Fabric Cotton Printed 5208</PARENT>
                    <BASEUNITS>Kgs</BASEUNITS>
                    <ADDITIONALUNITS>Mtr</ADDITIONALUNITS>
                </STOCKGROUP>
            </TALLYMESSAGE>
        </DATA>
    </BODY>
</ENVELOPE>

==========================================
Stock Group Create with root as parent
==========================================

<ENVELOPE>
    <HEADER>
        <VERSION>1</VERSION>
        <TALLYREQUEST>IMPORT</TALLYREQUEST>
        <TYPE>DATA</TYPE>
        <ID>All Masters</ID>
    </HEADER>
    <BODY>
        <DESC>
            <STATICVARIABLES>
                <IMPORTDUPS>@@DUPCOMBINE</IMPORTDUPS>
                <SVCURRENTCOMPANY>M.Bharatkumar 2019-20</SVCURRENTCOMPANY>
            </STATICVARIABLES>
        </DESC>
        <DATA>
            <TALLYMESSAGE>
                <STOCKGROUP Action="Create">
                    <NAME>RUPESH - GROUP</NAME>
                    <PARENT></PARENT>
                    <BASEUNITS>Kgs</BASEUNITS>
                    <ADDITIONALUNITS>Mtr</ADDITIONALUNITS>
                </STOCKGROUP>
            </TALLYMESSAGE>
        </DATA>
    </BODY>
 </ENVELOPE>

========================
Stock Group Update
========================

<ENVELOPE>
    <HEADER>
        <VERSION>1</VERSION>
        <TALLYREQUEST>IMPORT</TALLYREQUEST>
        <TYPE>DATA</TYPE>
        <ID>All Masters</ID>
    </HEADER>
    <BODY>
        <DESC>
            <STATICVARIABLES>
                <IMPORTDUPS>@@DUPCOMBINE</IMPORTDUPS>
                <SVCURRENTCOMPANY>M.Bharatkumar 2019-20</SVCURRENTCOMPANY>
            </STATICVARIABLES>
        </DESC>
        <DATA>
            <TALLYMESSAGE>
                <STOCKGROUP Action="Alter" Name="RUPESH2 GROUP">
                    <NAME>RUPESH2 GROUP</NAME>
                    <PARENT>01 Fabric Cotton Printed 5208</PARENT>
                    <BASEUNITS>Kgs</BASEUNITS>
                    <ADDITIONALUNITS>Mtr</ADDITIONALUNITS>
                </STOCKGROUP>
            </TALLYMESSAGE>
        </DATA>
    </BODY>
 </ENVELOPE>

==============================
Stock Group Update Response
==============================

<ENVELOPE>
 <HEADER>
  <VERSION>1</VERSION>
  <STATUS>1</STATUS>
 </HEADER>
 <BODY>
  <DATA>
   <IMPORTRESULT>
    <CREATED>1</CREATED>
    <ALTERED>0</ALTERED>
    <DELETED>0</DELETED>
    <LASTVCHID>0</LASTVCHID>
    <LASTMID>0</LASTMID>
    <COMBINED>0</COMBINED>
    <IGNORED>0</IGNORED>
    <ERRORS>0</ERRORS>
    <CANCELLED>0</CANCELLED>
   </IMPORTRESULT>
  </DATA>
  <DESC>
   <CMPINFO>
    <COMPANY>0</COMPANY>
    <GROUP>0</GROUP>
    <LEDGER>4</LEDGER>
    <COSTCATEGORY>0</COSTCATEGORY>
    <COSTCENTRE>0</COSTCENTRE>
    <GODOWN>2</GODOWN>
    <STOCKGROUP>1</STOCKGROUP>
    <STOCKCATEGORY>0</STOCKCATEGORY>
    <STOCKITEM>1</STOCKITEM>
    <VOUCHERTYPE>0</VOUCHERTYPE>
    <CURRENCY>1</CURRENCY>
    <UNIT>0</UNIT>
    <BUDGET>0</BUDGET>
    <CLIENTRULE>0</CLIENTRULE>
    <SERVERRULE>0</SERVERRULE>
    <STATE>0</STATE>
    <TDSRATE>0</TDSRATE>
    <TAXCLASSIFICATION>0</TAXCLASSIFICATION>
    <STCATEGORY>0</STCATEGORY>
    <DEDUCTEETYPE>0</DEDUCTEETYPE>
    <ATTENDANCETYPE>0</ATTENDANCETYPE>
    <FBTCATEGORY>0</FBTCATEGORY>
    <FBTASSESSEETYPE>0</FBTASSESSEETYPE>
    <TARIFFCLASSIFICATION>0</TARIFFCLASSIFICATION>
    <EXCISEDUTYCLASSIFICATION>0</EXCISEDUTYCLASSIFICATION>
    <SERIALNUMBER>0</SERIALNUMBER>
    <ADJUSTMENTCLASSIFICATION>0</ADJUSTMENTCLASSIFICATION>
    <INCOMETAXSLAB>0</INCOMETAXSLAB>
    <INCOMETAXCLASSIFICATION>0</INCOMETAXCLASSIFICATION>
    <LBTCLASSIFICATION>0</LBTCLASSIFICATION>
    <TAXUNIT>0</TAXUNIT>
    <RETURNMASTER>0</RETURNMASTER>
    <GSTCLASSIFICATION>0</GSTCLASSIFICATION>
    <VOUCHER>1</VOUCHER>
   </CMPINFO>
   <CMPINFOEX>
    <IDINFO>
     <LASTCREATEDVCHID>0</LASTCREATEDVCHID>
    </IDINFO>
   </CMPINFOEX>
   <MSTALTIDINFO>
    <EXPSUMID>0</EXPSUMID>
   </MSTALTIDINFO>
  </DESC>
 </BODY>
</ENVELOPE>


========================
Stock Group Create
========================

<ENVELOPE>
    <HEADER>
        <VERSION>1</VERSION>
        <TALLYREQUEST>IMPORT</TALLYREQUEST>
        <TYPE>DATA</TYPE>
        <ID>All Masters</ID>
    </HEADER>
    <BODY>
        <DESC>
            <STATICVARIABLES>
                <IMPORTDUPS>@@DUPCOMBINE</IMPORTDUPS>
                <SVCURRENTCOMPANY>M.Bharatkumar 2017-18</SVCURRENTCOMPANY>
            </STATICVARIABLES>
        </DESC>
        <DATA>
            <TALLYMESSAGE>
                <STOCKGROUP Action="Alter" Name="RUPESH2 GROUP">
                    <NAME>RUPESH2 GROUP</NAME>
                    <PARENT>&#4; Primary</PARENT>
                    <BASEUNITS>Kgs</BASEUNITS>
                    <ADDITIONALUNITS>Mtr</ADDITIONALUNITS>
                </STOCKGROUP>
            </TALLYMESSAGE>
        </DATA>
    </BODY>
 </ENVELOPE>

=================================
Voucher Type Request with Parent
=================================

<ENVELOPE>
	<HEADER>
		<VERSION>1</VERSION>
		<TALLYREQUEST>EXPORT</TALLYREQUEST>
		<TYPE>COLLECTION</TYPE>
		<ID>Collection of Ledgers</ID>
	</HEADER>
	<BODY>
		<DESC>
			<STATICVARIABLES>
				<SVCURRENTCOMPANY>M.Bharatkumar 2014-15</SVCURRENTCOMPANY>
			</STATICVARIABLES>
			<TDL>
				<TDLMESSAGE>
					<COLLECTION NAME="Collection of Ledgers" ISMODIFY="No" ISFIXED="No" ISINITIALIZE="No" ISOPTION="No" ISINTERNAL="No">
 						<TYPE>Voucher Type</TYPE>
 					</COLLECTION>
				</TDLMESSAGE>
			</TDL>
		</DESC>
	</BODY>
</ENVELOPE>

=================================
Voucher Type Response
=================================

<ENVELOPE>
 <HEADER>
  <VERSION>1</VERSION>
  <STATUS>1</STATUS>
 </HEADER>
 <BODY>
  <DESC>
   <CMPINFO>
    <COMPANY>0</COMPANY>
    <GROUP>0</GROUP>
    <LEDGER>0</LEDGER>
    <COSTCATEGORY>0</COSTCATEGORY>
    <COSTCENTRE>0</COSTCENTRE>
    <GODOWN>0</GODOWN>
    <STOCKGROUP>0</STOCKGROUP>
    <STOCKCATEGORY>0</STOCKCATEGORY>
    <STOCKITEM>0</STOCKITEM>
    <VOUCHERTYPE>0</VOUCHERTYPE>
    <CURRENCY>0</CURRENCY>
    <UNIT>0</UNIT>
    <BUDGET>0</BUDGET>
    <CLIENTRULE>0</CLIENTRULE>
    <SERVERRULE>0</SERVERRULE>
    <STATE>0</STATE>
    <TDSRATE>0</TDSRATE>
    <TAXCLASSIFICATION>0</TAXCLASSIFICATION>
    <STCATEGORY>0</STCATEGORY>
    <DEDUCTEETYPE>0</DEDUCTEETYPE>
    <ATTENDANCETYPE>0</ATTENDANCETYPE>
    <FBTCATEGORY>0</FBTCATEGORY>
    <FBTASSESSEETYPE>0</FBTASSESSEETYPE>
    <TARIFFCLASSIFICATION>0</TARIFFCLASSIFICATION>
    <EXCISEDUTYCLASSIFICATION>0</EXCISEDUTYCLASSIFICATION>
    <SERIALNUMBER>0</SERIALNUMBER>
    <ADJUSTMENTCLASSIFICATION>0</ADJUSTMENTCLASSIFICATION>
    <INCOMETAXSLAB>0</INCOMETAXSLAB>
    <INCOMETAXCLASSIFICATION>0</INCOMETAXCLASSIFICATION>
    <LBTCLASSIFICATION>0</LBTCLASSIFICATION>
    <TAXUNIT>0</TAXUNIT>
    <RETURNMASTER>0</RETURNMASTER>
    <VOUCHER>0</VOUCHER>
   </CMPINFO>
  </DESC>
  <DATA>
   <COLLECTION ISMSTDEPTYPE="Yes" MSTDEPTYPE="1024">
    <VOUCHERTYPE NAME="Attendance" RESERVEDNAME="Attendance">    </VOUCHERTYPE>
    <VOUCHERTYPE NAME="Contra" RESERVEDNAME="Contra">    </VOUCHERTYPE>
    <VOUCHERTYPE NAME="Credit Note" RESERVEDNAME="Credit Note">    </VOUCHERTYPE>
    <VOUCHERTYPE NAME="XT Stock Godown Transfer" RESERVEDNAME="">    </VOUCHERTYPE>
   </COLLECTION>
  </DATA>
 </BODY>
</ENVELOPE>

=================================
Voucher Request
=================================

<ENVELOPE>
	<HEADER>
		<VERSION>1</VERSION>
		<TALLYREQUEST>EXPORT</TALLYREQUEST>
		<TYPE>COLLECTION</TYPE>
		<ID>Collection of Ledgers</ID>
	</HEADER>
	<BODY>
		<DESC>
			<STATICVARIABLES>
				<SVCURRENTCOMPANY>M.Bharatkumar 2014-15</SVCURRENTCOMPANY>
			</STATICVARIABLES>
			<TDL>
				<TDLMESSAGE>
					<COLLECTION NAME="Collection of Ledgers" ISMODIFY="No" ISFIXED="No" ISINITIALIZE="No" ISOPTION="No" ISINTERNAL="No">
 						<TYPE>Voucher Type</TYPE>
 					</COLLECTION>
				</TDLMESSAGE>
			</TDL>
		</DESC>
	</BODY>
</ENVELOPE>


=================================
Voucher Response
=================================
<ENVELOPE>
 <HEADER>
  <VERSION>1</VERSION>
  <STATUS>1</STATUS>
 </HEADER>
 <BODY>
  <DESC>
   <CMPINFO>
    <COMPANY>0</COMPANY>
    <GROUP>0</GROUP>
    <LEDGER>0</LEDGER>
    <COSTCATEGORY>0</COSTCATEGORY>
    <COSTCENTRE>0</COSTCENTRE>
    <GODOWN>0</GODOWN>
    <STOCKGROUP>0</STOCKGROUP>
    <STOCKCATEGORY>0</STOCKCATEGORY>
    <STOCKITEM>0</STOCKITEM>
    <VOUCHERTYPE>0</VOUCHERTYPE>
    <CURRENCY>0</CURRENCY>
    <UNIT>0</UNIT>
    <BUDGET>0</BUDGET>
    <CLIENTRULE>0</CLIENTRULE>
    <SERVERRULE>0</SERVERRULE>
    <STATE>0</STATE>
    <TDSRATE>0</TDSRATE>
    <TAXCLASSIFICATION>0</TAXCLASSIFICATION>
    <STCATEGORY>0</STCATEGORY>
    <DEDUCTEETYPE>0</DEDUCTEETYPE>
    <ATTENDANCETYPE>0</ATTENDANCETYPE>
    <FBTCATEGORY>0</FBTCATEGORY>
    <FBTASSESSEETYPE>0</FBTASSESSEETYPE>
    <TARIFFCLASSIFICATION>0</TARIFFCLASSIFICATION>
    <EXCISEDUTYCLASSIFICATION>0</EXCISEDUTYCLASSIFICATION>
    <SERIALNUMBER>0</SERIALNUMBER>
    <ADJUSTMENTCLASSIFICATION>0</ADJUSTMENTCLASSIFICATION>
    <INCOMETAXSLAB>0</INCOMETAXSLAB>
    <INCOMETAXCLASSIFICATION>0</INCOMETAXCLASSIFICATION>
    <LBTCLASSIFICATION>0</LBTCLASSIFICATION>
    <TAXUNIT>0</TAXUNIT>
    <RETURNMASTER>0</RETURNMASTER>
    <VOUCHER>0</VOUCHER>
   </CMPINFO>
  </DESC>
  <DATA>
   <COLLECTION ISCMPDEPTYPE="Yes" CMPLOCUS="4" CMPDEPTYPE="64">
    <VOUCHER REMOTEID="58ee5fe2-96ce-4c52-b973-70f7fcca224a-0000d430" VCHKEY="58ee5fe2-96ce-4c52-b973-70f7fcca224a-0000a46e:00000008" VCHTYPE="Journal" OBJVIEW="Accounting Voucher View">
     <DATE TYPE="Date">20150401</DATE>
     <GUID>58ee5fe2-96ce-4c52-b973-70f7fcca224a-0000d430</GUID>
     <REQUESTORRULE/>
     <VOUCHERTYPENAME>Journal</VOUCHERTYPENAME>
     <VOUCHERNUMBER>Comm</VOUCHERNUMBER>
     <SERIALMASTER TYPE="String"></SERIALMASTER>
     <ARESERIALMASTER TYPE="String"></ARESERIALMASTER>
     <PERSISTEDVIEW>Accounting Voucher View</PERSISTEDVIEW>
     <ASORIGINAL>No</ASORIGINAL>
     <ISINVOICE>No</ISINVOICE>
     <ASPAYSLIP>No</ASPAYSLIP>
     <ISDELETED>No</ISDELETED>
     <MASTERID TYPE="Number"> 54320</MASTERID>
     <VOUCHERKEY TYPE="Number">180792353357832</VOUCHERKEY>
    </VOUCHER>
    <VOUCHER REMOTEID="58ee5fe2-96ce-4c52-b973-70f7fcca224a-0000d431" VCHKEY="58ee5fe2-96ce-4c52-b973-70f7fcca224a-0000a46e:00000010" VCHTYPE="Journal" OBJVIEW="Accounting Voucher View">
     <DATE TYPE="Date">20150401</DATE>
     <GUID>58ee5fe2-96ce-4c52-b973-70f7fcca224a-0000d431</GUID>
     <REQUESTORRULE/>
     <VOUCHERTYPENAME>Journal</VOUCHERTYPENAME>
     <VOUCHERNUMBER>Comm</VOUCHERNUMBER>
     <SERIALMASTER TYPE="String"></SERIALMASTER>
     <ARESERIALMASTER TYPE="String"></ARESERIALMASTER>
     <PERSISTEDVIEW>Accounting Voucher View</PERSISTEDVIEW>
     <ASORIGINAL>No</ASORIGINAL>
     <ISINVOICE>No</ISINVOICE>
     <ASPAYSLIP>No</ASPAYSLIP>
     <ISDELETED>No</ISDELETED>
     <MASTERID TYPE="Number"> 54321</MASTERID>
     <VOUCHERKEY TYPE="Number">180792353357840</VOUCHERKEY>
    </VOUCHER>
    <VOUCHER REMOTEID="58ee5fe2-96ce-4c52-b973-70f7fcca224a-0000d433" VCHKEY="58ee5fe2-96ce-4c52-b973-70f7fcca224a-0000a46e:00000018" VCHTYPE="Journal" OBJVIEW="Accounting Voucher View">
     <DATE TYPE="Date">20150401</DATE>
     <GUID>58ee5fe2-96ce-4c52-b973-70f7fcca224a-0000d433</GUID>
     <REQUESTORRULE/>
     <VOUCHERTYPENAME>Journal</VOUCHERTYPENAME>
     <VOUCHERNUMBER>Comm</VOUCHERNUMBER>
     <SERIALMASTER TYPE="String"></SERIALMASTER>
     <ARESERIALMASTER TYPE="String"></ARESERIALMASTER>
     <PERSISTEDVIEW>Accounting Voucher View</PERSISTEDVIEW>
     <ASORIGINAL>No</ASORIGINAL>
     <ISINVOICE>No</ISINVOICE>
     <ASPAYSLIP>No</ASPAYSLIP>
     <ISDELETED>No</ISDELETED>
     <MASTERID TYPE="Number"> 54323</MASTERID>
     <VOUCHERKEY TYPE="Number">180792353357848</VOUCHERKEY>
    </VOUCHER>
    <VOUCHER REMOTEID="58ee5fe2-96ce-4c52-b973-70f7fcca224a-0000d44a" VCHKEY="58ee5fe2-96ce-4c52-b973-70f7fcca224a-0000a46e:00000020" VCHTYPE="Journal" OBJVIEW="Accounting Voucher View">
     <DATE TYPE="Date">20150401</DATE>
     <GUID>58ee5fe2-96ce-4c52-b973-70f7fcca224a-0000d44a</GUID>
     <REQUESTORRULE/>
     <VOUCHERTYPENAME>Journal</VOUCHERTYPENAME>
     <VOUCHERNUMBER>Comm</VOUCHERNUMBER>
     <SERIALMASTER TYPE="String"></SERIALMASTER>
     <ARESERIALMASTER TYPE="String"></ARESERIALMASTER>
     <PERSISTEDVIEW>Accounting Voucher View</PERSISTEDVIEW>
     <ASORIGINAL>No</ASORIGINAL>
     <ISINVOICE>No</ISINVOICE>
     <ASPAYSLIP>No</ASPAYSLIP>
     <ISDELETED>No</ISDELETED>
     <MASTERID TYPE="Number"> 54346</MASTERID>
     <VOUCHERKEY TYPE="Number">180792353357856</VOUCHERKEY>
    </VOUCHER>
    </COLLECTION>
</DATA>
</BODY>
</ENVELOPE>

============================
Remote Col Report
============================
<ENVELOPE>
 <HEADER>
 <VERSION>1</VERSION>
 <TALLYREQUEST>EXPORT</TALLYREQUEST>
 <TYPE>COLLECTION</TYPE>
 <ID>Remote Ledger Coll</ID>
 </HEADER>
 <BODY>
 <DESC>
 <STATICVARIABLES>
 <SVEXPORTFORMAT>$$SysName:XML</SVEXPORTFORMAT>
 </STATICVARIABLES>
 <TDL>
 <TDLMESSAGE>
 <COLLECTION NAME="Remote Ledger Coll" ISINITIALIZE="Yes">
 <TYPE>Ledger</TYPE>
 <NATIVEMETHOD>Name</NATIVEMETHOD>
 <NATIVEMETHOD>OpeningBalance
</NATIVEMETHOD>
 </COLLECTION>
 </TDLMESSAGE>
 </TDL>
 </DESC>
</BODY>
</ENVELOPE>

==========================
Bill Request
==========================
<ENVELOPE>
	<HEADER>
		<VERSION>1</VERSION>
		<TALLYREQUEST>EXPORT</TALLYREQUEST>
		<TYPE>COLLECTION</TYPE>
		<ID>Collection of Ledgers</ID>
	</HEADER>
	<BODY>
		<DESC>
			<STATICVARIABLES>
				<SVCURRENTCOMPANY>M.Bharatkumar 2014-15</SVCURRENTCOMPANY>
                <SVFROMDATE TYPE="Date">1-Apr-2019</SVFROMDATE>
				<SVTODATE TYPE="Date">1-Apr-2019</SVTODATE>                
			</STATICVARIABLES>
			<TDL>
				<TDLMESSAGE>
					<COLLECTION NAME="Collection of Ledgers" ISMODIFY="No" ISFIXED="No" ISINITIALIZE="No" ISOPTION="No" ISINTERNAL="No">
 						<TYPE>Bill</TYPE>
 					</COLLECTION>
				</TDLMESSAGE>
			</TDL>
		</DESC>
	</BODY>
</ENVELOPE>

==========================
Bill Response
==========================
<ENVELOPE>
 <HEADER>
  <VERSION>1</VERSION>
  <STATUS>1</STATUS>
 </HEADER>
 <BODY>
  <DESC>
   <CMPINFO>
    <COMPANY>0</COMPANY>
    <GROUP>0</GROUP>
    <LEDGER>0</LEDGER>
    <COSTCATEGORY>0</COSTCATEGORY>
    <COSTCENTRE>0</COSTCENTRE>
    <GODOWN>0</GODOWN>
    <STOCKGROUP>0</STOCKGROUP>
    <STOCKCATEGORY>0</STOCKCATEGORY>
    <STOCKITEM>0</STOCKITEM>
    <VOUCHERTYPE>0</VOUCHERTYPE>
    <CURRENCY>0</CURRENCY>
    <UNIT>0</UNIT>
    <BUDGET>0</BUDGET>
    <CLIENTRULE>0</CLIENTRULE>
    <SERVERRULE>0</SERVERRULE>
    <STATE>0</STATE>
    <TDSRATE>0</TDSRATE>
    <TAXCLASSIFICATION>0</TAXCLASSIFICATION>
    <STCATEGORY>0</STCATEGORY>
    <DEDUCTEETYPE>0</DEDUCTEETYPE>
    <ATTENDANCETYPE>0</ATTENDANCETYPE>
    <FBTCATEGORY>0</FBTCATEGORY>
    <FBTASSESSEETYPE>0</FBTASSESSEETYPE>
    <TARIFFCLASSIFICATION>0</TARIFFCLASSIFICATION>
    <EXCISEDUTYCLASSIFICATION>0</EXCISEDUTYCLASSIFICATION>
    <SERIALNUMBER>0</SERIALNUMBER>
    <ADJUSTMENTCLASSIFICATION>0</ADJUSTMENTCLASSIFICATION>
    <INCOMETAXSLAB>0</INCOMETAXSLAB>
    <INCOMETAXCLASSIFICATION>0</INCOMETAXCLASSIFICATION>
    <LBTCLASSIFICATION>0</LBTCLASSIFICATION>
    <TAXUNIT>0</TAXUNIT>
    <RETURNMASTER>0</RETURNMASTER>
    <VOUCHER>0</VOUCHER>
   </CMPINFO>
  </DESC>
  <DATA>
   <COLLECTION>
    <BILL NAME="01011" RESERVEDNAME="">
     <BILLDATE TYPE="Date">20090530</BILLDATE>
     <CLEAREDON TYPE="Date"></CLEAREDON>
     <NAME TYPE="String">01011</NAME>
     <BILLCREDITPERIOD TYPE="Due Date" JD="39962" P="31-Mar-2011">31-Mar-2011</BILLCREDITPERIOD>
     <ISADVANCE TYPE="Logical">No</ISADVANCE>
     <ISTDSREF TYPE="Logical">No</ISTDSREF>
     <BILLID TYPE="Number"> 127594</BILLID>
     <CLOSINGBALANCE TYPE="Amount">2378.00</CLOSINGBALANCE>
     <OPENINGBALANCE TYPE="Amount">2378.00</OPENINGBALANCE>
     <BASECLOSING TYPE="Amount">2378.00</BASECLOSING>
     <FINALBALANCE TYPE="Amount">2378.00</FINALBALANCE>
    </BILL>
    <BILL NAME="5R0001" RESERVEDNAME="">
     <BILLDATE TYPE="Date">20150501</BILLDATE>
     <CLEAREDON TYPE="Date"></CLEAREDON>
     <NAME TYPE="String">5R0001</NAME>
     <BILLCREDITPERIOD TYPE="Due Date" JD="42124" P=""></BILLCREDITPERIOD>
     <ISADVANCE TYPE="Logical">No</ISADVANCE>
     <ISTDSREF TYPE="Logical">No</ISTDSREF>
     <BILLID TYPE="Number"> 127669</BILLID>
     <CLOSINGBALANCE TYPE="Amount">-23100.00</CLOSINGBALANCE>
     <OPENINGBALANCE TYPE="Amount">-11550.00</OPENINGBALANCE>
     <BASECLOSING TYPE="Amount">-23100.00</BASECLOSING>
     <FINALBALANCE TYPE="Amount">-23100.00</FINALBALANCE>
    </BILL>
   </COLLECTION>
  </DATA>
 </BODY>
</ENVELOPE>

<!--
<ENVELOPE>
<HEADER>
	<VERSION>1</VERSION>
	<TALLYREQUEST>Export</TALLYREQUEST>
	<TYPE>DATA</TYPE>
</HEADER>
<BODY>
	<EXPORTDATA>
		<REQUESTDESC>
			<REPORTNAME>Ledger Vouchers</REPORTNAME>
			<STATICVARIABLES>
				<SVCURRENTCOMPANY>M.Bharatkumar 2014-15</SVCURRENTCOMPANY>
				<SVEXPORTFORMAT>$$SysName:XML</SVEXPORTFORMAT>
				<SVFROMDATE>01-Apr-2015</SVFROMDATE>
				<SVTODATE>31-May-2015</SVTODATE
				<LEDGERNAME>A B Corporation ( Banglore)</LEDGERNAME>
			</STATICVARIABLES>
		</REQUESTDESC>
	</EXPORTDATA>
</BODY>
</ENVELOPE>-->

======================
Group Summary
======================

<ENVELOPE>
<HEADER>
<TALLYREQUEST>Export Data</TALLYREQUEST>
</HEADER>
<BODY>
<EXPORTDATA>
<REQUESTDESC>
<REPORTNAME>Group Summary</REPORTNAME>
<STATICVARIABLES>
<SVEXPORTFORMAT>$$SysName:XML</SVEXPORTFORMAT>
</STATICVARIABLES>
</REQUESTDESC>
</EXPORTDATA>
</BODY>
</ENVELOPE>

<ENVELOPE>
<DSPACCNAME>
<DSPDISPNAME>Capital Account</DSPDISPNAME>
</DSPACCNAME>
<DSPACCINFO>
<DSPCLDRAMT>
<DSPCLDRAMTA />
</DSPCLDRAMT>
<DSPCLCRAMT>
<DSPCLCRAMTA>5193317.42</DSPCLCRAMTA>
</DSPCLCRAMT>
 </DSPACCINFO>
<DSPACCNAME>
<DSPDISPNAME>Loans (Liability)</DSPDISPNAME>
</DSPACCNAME>
<DSPACCINFO>
<DSPCLDRAMT>
<DSPCLDRAMTA />
</DSPCLDRAMT>
<DSPCLCRAMT>
<DSPCLCRAMTA>86226558.09</DSPCLCRAMTA>
</DSPCLCRAMT>
 </DSPACCINFO>
<DSPACCNAME>
<DSPDISPNAME>Current Liabilities</DSPDISPNAME>
</DSPACCNAME>
<DSPACCINFO>
<DSPCLDRAMT>
<DSPCLDRAMTA>-8440.00</DSPCLDRAMTA>
</DSPCLDRAMT>
<DSPCLCRAMT>
<DSPCLCRAMTA>27022407.34</DSPCLCRAMTA>
</DSPCLCRAMT>
 </DSPACCINFO>
<DSPACCNAME>
<DSPDISPNAME>Fixed Assets</DSPDISPNAME>
</DSPACCNAME>
<DSPACCINFO>
<DSPCLDRAMT>
<DSPCLDRAMTA>-4744560.00</DSPCLDRAMTA>
</DSPCLDRAMT>
<DSPCLCRAMT>
<DSPCLCRAMTA />
</DSPCLCRAMT>
 </DSPACCINFO>
<DSPACCNAME>
<DSPDISPNAME>Investments</DSPDISPNAME>
</DSPACCNAME>
<DSPACCINFO>
<DSPCLDRAMT>
<DSPCLDRAMTA>-40500.00</DSPCLDRAMTA>
</DSPCLDRAMT>
<DSPCLCRAMT>
<DSPCLCRAMTA />
</DSPCLCRAMT>
 </DSPACCINFO>
<DSPACCNAME>
<DSPDISPNAME>Current Assets</DSPDISPNAME>
</DSPACCNAME>
<DSPACCINFO>
<DSPCLDRAMT>
<DSPCLDRAMTA>-118187320.15</DSPCLDRAMTA>
</DSPCLDRAMT>
<DSPCLCRAMT>
<DSPCLCRAMTA>4535762.93</DSPCLCRAMTA>
</DSPCLCRAMT>
 </DSPACCINFO>
<DSPACCNAME>
<DSPDISPNAME>Sales Accounts</DSPDISPNAME>
</DSPACCNAME>
<DSPACCINFO>
<DSPCLDRAMT>
<DSPCLDRAMTA />
</DSPCLDRAMT>
<DSPCLCRAMT>
<DSPCLCRAMTA>149943.13</DSPCLCRAMTA>
</DSPCLCRAMT>
 </DSPACCINFO>
<DSPACCNAME>
<DSPDISPNAME>Direct Expenses</DSPDISPNAME>
</DSPACCNAME>
<DSPACCINFO>
<DSPCLDRAMT>
<DSPCLDRAMTA>-105502.13</DSPCLDRAMTA>
</DSPCLDRAMT>
<DSPCLCRAMT>
<DSPCLCRAMTA />
</DSPCLCRAMT>
 </DSPACCINFO>
<DSPACCNAME>
<DSPDISPNAME>Indirect Expenses</DSPDISPNAME>
</DSPACCNAME>
<DSPACCINFO>
<DSPCLDRAMT>
<DSPCLDRAMTA>-45733.83</DSPCLDRAMTA>
</DSPCLDRAMT>
<DSPCLCRAMT>
<DSPCLCRAMTA>498.20</DSPCLCRAMTA>
</DSPCLCRAMT>
 </DSPACCINFO>
<DSPACCNAME>
<DSPDISPNAME>Profit & Loss A/c</DSPDISPNAME>
</DSPACCNAME>
<DSPACCINFO>
<DSPCLDRAMT>
<DSPCLDRAMTA />
</DSPCLDRAMT>
<DSPCLCRAMT>
<DSPCLCRAMTA>3569.00</DSPCLCRAMTA>
</DSPCLCRAMT>
 </DSPACCINFO>
<DSPACCNAME>
<DSPDISPNAME>Unadjusted Forex Gain/Loss</DSPDISPNAME>
</DSPACCNAME>
<DSPACCINFO>
<DSPCLDRAMT>
<DSPCLDRAMTA>-146.41</DSPCLDRAMTA>
</DSPCLDRAMT>
<DSPCLCRAMT>
<DSPCLCRAMTA>146.41</DSPCLCRAMTA>
</DSPCLCRAMT>
 </DSPACCINFO>
 </ENVELOPE>
 
======================
Day Book
======================
<ENVELOPE>
<HEADER>
<TALLYREQUEST>Export Data</TALLYREQUEST>
</HEADER>
<BODY>
<EXPORTDATA>
<REQUESTDESC>
<REPORTNAME>Daybook</REPORTNAME>
<STATICVARIABLES>
<SVEXPORTFORMAT>$$SysName:XML</SVEXPORTFORMAT>
</STATICVARIABLES>
</REQUESTDESC>
</EXPORTDATA>
</BODY>
</ENVELOPE>

=============================
Ledger with closing balance
=============================

<ENVELOPE>
    <HEADER>
            <VERSION>1</VERSION>
            <TALLYREQUEST>Export</TALLYREQUEST>
            <TYPE>Data</TYPE>
            <ID>List of Ledgers</ID>
    </HEADER>
<BODY>
<DESC>
<TDL>
<TDLMESSAGE>
<REPORT NAME="List of Ledgers" ISMODIFY="No" ISFIXED="No" ISINITIALIZE="No" ISOPTION="No" ISINTERNAL="No">
  <FORMS>List of Ledgers</FORMS> 
  </REPORT>
<FORM NAME="List of Ledgers" ISMODIFY="No" ISFIXED="No" ISINITIALIZE="No" ISOPTION="No" ISINTERNAL="No">
  <TOPPARTS>List of Ledgers</TOPPARTS> 
  <XMLTAG>"List of Ledgers"</XMLTAG> 
  </FORM>
<PART NAME="List of Ledgers" ISMODIFY="No" ISFIXED="No" ISINITIALIZE="No" ISOPTION="No" ISINTERNAL="No">
  <TOPLINES>List of Ledgers</TOPLINES> 
  <REPEAT>List of Ledgers : Collection of Ledgers</REPEAT> 
  <SCROLLED>Vertical</SCROLLED> 
  </PART>
<LINE NAME="List of Ledgers" ISMODIFY="No" ISFIXED="No" ISINITIALIZE="No" ISOPTION="No" ISINTERNAL="No">
  <LEFTFIELDS>List of Ledgers</LEFTFIELDS> 
  <LEFTFIELDS>Closing Balance</LEFTFIELDS> 
  </LINE>
<FIELD NAME="List of Ledgers" ISMODIFY="No" ISFIXED="No" ISINITIALIZE="No" ISOPTION="No" ISINTERNAL="No">
  <SET>$Name</SET> 
  <XMLTAG>"NAME"</XMLTAG> 
  </FIELD>
<FIELD NAME="Closing Balance" ISMODIFY="No" ISFIXED="No" ISINITIALIZE="No" ISOPTION="No" ISINTERNAL="No">
  <SET>$ClosingBalance</SET> 
  <XMLTAG>"ClosingBalance"</XMLTAG> 
  </FIELD>
<COLLECTION NAME="Collection of Ledgers" ISMODIFY="No" ISFIXED="No" ISINITIALIZE="No" ISOPTION="No" ISINTERNAL="No">
  <TYPE>Ledger</TYPE> 
  </COLLECTION>
  </TDLMESSAGE>
  </TDL>
</DESC>
</BODY>
</ENVELOPE>

==============================
LEDGER WITH FILTER
==============================
<ENVELOPE>
    <HEADER>
            <VERSION>1</VERSION>
            <TALLYREQUEST>Export</TALLYREQUEST>
            <TYPE>Data</TYPE>
            <ID>List of Ledgers</ID>
    </HEADER>
<BODY>
<DESC>
<TDL>
<TDLMESSAGE>
<REPORT NAME="List of Ledgers" ISMODIFY="No" ISFIXED="No" ISINITIALIZE="No" ISOPTION="No" ISINTERNAL="No">
  <FORMS>List of Ledgers</FORMS> 
  </REPORT>
<FORM NAME="List of Ledgers" ISMODIFY="No" ISFIXED="No" ISINITIALIZE="No" ISOPTION="No" ISINTERNAL="No">
  <TOPPARTS>List of Ledgers</TOPPARTS> 
  <XMLTAG>"List of Ledgers"</XMLTAG> 
  </FORM>
<PART NAME="List of Ledgers" ISMODIFY="No" ISFIXED="No" ISINITIALIZE="No" ISOPTION="No" ISINTERNAL="No">
  <TOPLINES>List of Ledgers</TOPLINES> 
  <REPEAT>List of Ledgers : Collection of Ledgers</REPEAT> 
  <SCROLLED>Vertical</SCROLLED> 
  </PART>
<LINE NAME="List of Ledgers" ISMODIFY="No" ISFIXED="No" ISINITIALIZE="No" ISOPTION="No" ISINTERNAL="No">
  <LEFTFIELDS>List of Ledgers</LEFTFIELDS> 
  <LEFTFIELDS>Closing Balance</LEFTFIELDS> 
  </LINE>
<FIELD NAME="List of Ledgers" ISMODIFY="No" ISFIXED="No" ISINITIALIZE="No" ISOPTION="No" ISINTERNAL="No">
  <SET>$Name</SET> 
  <XMLTAG>"NAME"</XMLTAG> 
  </FIELD>
<FIELD NAME="Closing Balance" ISMODIFY="No" ISFIXED="No" ISINITIALIZE="No" ISOPTION="No" ISINTERNAL="No">
  <SET>$ClosingBalance</SET> 
  <XMLTAG>"ClosingBalance"</XMLTAG> 
  </FIELD>

<COLLECTION NAME="Collection of Ledgers" ISMODIFY="No" ISFIXED="No" ISINITIALIZE="No" ISOPTION="No" ISINTERNAL="No">
  <TYPE>Ledger</TYPE> 
  <FILTERS>MYFILTER</FILTERS>
  </COLLECTION>
 <SYSTEM TYPE="Formulae" NAME="MYFILTER" ISMOIFY="NO" ISFIXED="NO" ISINTERNAL="NO">$Name = "A B Corporation (Banglore)"
 </SYSTEM>
  </TDLMESSAGE>
  </TDL>

</DESC>
</BODY>
</ENVELOPE>

=========================
Bill
=========================
<ENVELOPE>
    <HEADER>
            <VERSION>1</VERSION>
            <TALLYREQUEST>Export</TALLYREQUEST>
            <TYPE>Data</TYPE>
            <ID>List of Bills</ID>
    </HEADER>
<BODY>
<DESC>
<TDL>
<TDLMESSAGE>
<REPORT NAME="List of Bills" ISMODIFY="No" ISFIXED="No" ISINITIALIZE="No" ISOPTION="No" ISINTERNAL="No">
  <FORMS>List of Bills</FORMS> 
  </REPORT>
<FORM NAME="List of Bills" ISMODIFY="No" ISFIXED="No" ISINITIALIZE="No" ISOPTION="No" ISINTERNAL="No">
  <TOPPARTS>List of Bills</TOPPARTS> 
  <XMLTAG>"List of Bills"</XMLTAG> 
  </FORM>
<PART NAME="List of Bills" ISMODIFY="No" ISFIXED="No" ISINITIALIZE="No" ISOPTION="No" ISINTERNAL="No">
  <TOPLINES>List of Bills</TOPLINES> 
  <REPEAT>List of Bills : Collection of Bills</REPEAT> 
  <SCROLLED>Vertical</SCROLLED> 
  </PART>
<LINE NAME="List of Bills" ISMODIFY="No" ISFIXED="No" ISINITIALIZE="No" ISOPTION="No" ISINTERNAL="No">
  <LEFTFIELDS>NameOfLedger</LEFTFIELDS> 
  <LEFTFIELDS>RefNo</LEFTFIELDS> 
  <LEFTFIELDS>PendingAmount</LEFTFIELDS> 
  <LEFTFIELDS>TransactionDate</LEFTFIELDS> 
  <LEFTFIELDS>OverDueDays</LEFTFIELDS> 
  </LINE>
<FIELD NAME="NameOfLedger" ISMODIFY="No" ISFIXED="No" ISINITIALIZE="No" ISOPTION="No" ISINTERNAL="No">
  <SET>$LedgerName</SET> 
  <XMLTAG>"NameOfLedger"</XMLTAG> 
  </FIELD>
<FIELD NAME="RefNo" ISMODIFY="No" ISFIXED="No" ISINITIALIZE="No" ISOPTION="No" ISINTERNAL="No">
  <SET>$Name</SET> 
  <XMLTAG>"RefNo"</XMLTAG> 
  </FIELD>
<FIELD NAME="PendingAmount" ISMODIFY="No" ISFIXED="No" ISINITIALIZE="No" ISOPTION="No" ISINTERNAL="No">
  <SET>$ClosingBalance</SET> 
  <XMLTAG>"ClosingBalance"</XMLTAG> 
</FIELD>
<FIELD NAME="TransactionDate" ISMODIFY="No" ISFIXED="No" ISINITIALIZE="No" ISOPTION="No" ISINTERNAL="No">
  <SET>$billdate</SET> 
  <XMLTAG>"TransactionDate"</XMLTAG> 
</FIELD>
<FIELD NAME="OverDueDays" ISMODIFY="No" ISFIXED="No" ISINITIALIZE="No" ISOPTION="No" ISINTERNAL="No">
  <SET>$overdue</SET> 
  <XMLTAG>"OverDueDays"</XMLTAG> 
</FIELD>
<COLLECTION NAME="Collection of Bills" ISMODIFY="No" ISFIXED="No" ISINITIALIZE="No" ISOPTION="No" ISINTERNAL="No">
  <TYPE>Bill</TYPE> 
  <FILTERS>MYFILTER</FILTERS>
  </COLLECTION>
 <SYSTEM TYPE="Formulae" NAME="MYFILTER" ISMOIFY="NO" ISFIXED="NO" ISINTERNAL="NO">$LedgerName = "Shreeji Textiles (Mumbai)" AND $closingBalance &gt; 50000
 </SYSTEM>
  </TDLMESSAGE>
  </TDL>

</DESC>
</BODY>
</ENVELOPE>

==================
==================
<ENVELOPE>
    <HEADER>
            <VERSION>1</VERSION>
            <TALLYREQUEST>Export</TALLYREQUEST>
            <TYPE>Data</TYPE>
            <ID>List of Bills</ID>
    </HEADER>
<BODY>
<DESC>
   <STATICVARIABLES>
        <EXPLODEFLAG>Yes</EXPLODEFLAG>
        <SVEXPORTFORMAT>$$SysName:XML</SVEXPORTFORMAT>
    </STATICVARIABLES>
<TDL>
<TDLMESSAGE>
<REPORT NAME="List of Bills" ISMODIFY="No" ISFIXED="No" ISINITIALIZE="No" ISOPTION="No" ISINTERNAL="No">
  <FORMS>List of Bills</FORMS> 
  </REPORT>
<FORM NAME="List of Bills" ISMODIFY="No" ISFIXED="No" ISINITIALIZE="No" ISOPTION="No" ISINTERNAL="No">
  <TOPPARTS>List of Bills</TOPPARTS> 
  <XMLTAG>"BillList"</XMLTAG> 
  </FORM>
<PART NAME="List of Bills" ISMODIFY="No" ISFIXED="No" ISINITIALIZE="No" ISOPTION="No" ISINTERNAL="No">
  <TOPLINES>List of Bills</TOPLINES> 
  <REPEAT>List of Bills : Collection of Bills</REPEAT> 
  <SCROLLED>Vertical</SCROLLED> 
  </PART>
<LINE NAME="List of Bills" ISMODIFY="No" ISFIXED="No" ISINITIALIZE="No" ISOPTION="No" ISINTERNAL="No">
  <LEFTFIELDS>BillField</LEFTFIELDS> 
  <LEFTFIELDS>NameOfLedger</LEFTFIELDS> 
  <LEFTFIELDS>RefNo</LEFTFIELDS> 
  <LEFTFIELDS>PendingAmount</LEFTFIELDS> 
  <LEFTFIELDS>TransactionDate</LEFTFIELDS> 
  <LEFTFIELDS>OverDueDays</LEFTFIELDS> 
</LINE>
<FIELD NAME="BillField" ISMODIFY="No" ISFIXED="No" ISINITIALIZE="No" ISOPTION="No" ISINTERNAL="No">
  <SET>$LedgerName</SET> 
  <XMLTAG>"NameOfLedger"</XMLTAG> 
</FIELD>
<FIELD NAME="NameOfLedger" ISMODIFY="No" ISFIXED="No" ISINITIALIZE="No" ISOPTION="No" ISINTERNAL="No">
  <SET>$LedgerName</SET> 
  <XMLTAG>"NameOfLedger"</XMLTAG> 
</FIELD>
<FIELD NAME="RefNo" ISMODIFY="No" ISFIXED="No" ISINITIALIZE="No" ISOPTION="No" ISINTERNAL="No">
  <SET>$Name</SET> 
  <XMLTAG>"RefNo"</XMLTAG> 
</FIELD>
<FIELD NAME="PendingAmount" ISMODIFY="No" ISFIXED="No" ISINITIALIZE="No" ISOPTION="No" ISINTERNAL="No">
  <SET>$ClosingBalance</SET> 
  <XMLTAG>"ClosingBalance"</XMLTAG> 
</FIELD>
<FIELD NAME="TransactionDate" ISMODIFY="No" ISFIXED="No" ISINITIALIZE="No" ISOPTION="No" ISINTERNAL="No">
  <SET>$billdate</SET> 
  <XMLTAG>"TransactionDate"</XMLTAG> 
</FIELD>
<FIELD NAME="OverDueDays" ISMODIFY="No" ISFIXED="No" ISINITIALIZE="No" ISOPTION="No" ISINTERNAL="No">
  <SET>$billduedate</SET> 
  <XMLTAG>"OverDueDays"</XMLTAG> 
</FIELD>
<COLLECTION NAME="Collection of Bills" ISMODIFY="No" ISFIXED="No" ISINITIALIZE="No" ISOPTION="No" ISINTERNAL="No">
  <TYPE>Bill</TYPE> 
  <FILTERS>MYFILTER</FILTERS>
  </COLLECTION>
 <SYSTEM TYPE="Formulae" NAME="MYFILTER" ISMOIFY="NO" ISFIXED="NO" ISINTERNAL="NO">$LedgerName = "Shreeji Textiles (Mumbai)" AND $closingBalance &gt; 25000
 </SYSTEM>
  </TDLMESSAGE>
  </TDL>

</DESC>
</BODY>
</ENVELOPE>

================================
Bill Due Response
================================

<BILLLIST>
<NAMEOFLEDGER>Shreeji Textiles (Mumbai)</NAMEOFLEDGER>
<NAMEOFLEDGER>Shreeji Textiles (Mumbai)</NAMEOFLEDGER>
<REFNO>5R2869</REFNO>
<CLOSINGBALANCE>27,392.00</CLOSINGBALANCE>
<TRANSACTIONDATE>1-Nov-2014</TRANSACTIONDATE>
<OVERDUEDAYS>1-Jan-2015</OVERDUEDAYS>
<NAMEOFLEDGER>Shreeji Textiles (Mumbai)</NAMEOFLEDGER>
<NAMEOFLEDGER>Shreeji Textiles (Mumbai)</NAMEOFLEDGER>
<REFNO>5R0003</REFNO>
<CLOSINGBALANCE>1,01,933.00</CLOSINGBALANCE>
<TRANSACTIONDATE>1-Nov-2015</TRANSACTIONDATE>
<OVERDUEDAYS>30 Days</OVERDUEDAYS>
 </BILLLIST>
 
 ====
 COLLECTION OF BILLS WITH OVERDUE 
 =====

<ENVELOPE>
    <HEADER>
        <VERSION>1</VERSION>
        <TALLYREQUEST>EXPORT</TALLYREQUEST>
        <TYPE>COLLECTION</TYPE>
        <ID>Collection of Bills</ID>
    </HEADER>
    <BODY>
        <DESC>
            <STATICVARIABLES>
                <SVCURRENTCOMPANY>M.Bharatkumar 2019-20</SVCURRENTCOMPANY>
            </STATICVARIABLES>
            <TDL>
                <TDLMESSAGE>
                    <COLLECTION NAME="Collection of Bills" ISMODIFY="No" ISFIXED="No" ISINITIALIZE="No" ISOPTION="No" ISINTERNAL="No">
                        <TYPE>Bill</TYPE>
                        <NATIVEMETHOD>PARTYLEDGERNAME</NATIVEMETHOD>
                        <NATIVEMETHOD>LEDGERNAME</NATIVEMETHOD>
                        <NATIVEMETHOD>PARTYUDFSIMPLYTEXTILECUSTOMERCODE</NATIVEMETHOD>
                        <NATIVEMETHOD>BILLDATE</NATIVEMETHOD>
                        <NATIVEMETHOD>BILLCREDITPERIOD</NATIVEMETHOD>
                        <NATIVEMETHOD>FINALBALANCE</NATIVEMETHOD>
                        <NATIVEMETHOD>CLOSINGBALANCE</NATIVEMETHOD>
                        <NATIVEMETHOD>CLEAREDON</NATIVEMETHOD>
                        <FILTER>MYFILTER</FILTER>
                    </COLLECTION>
                    <SYSTEM TYPE="Formulae" NAME="MYFILTER" ISMOIFY="NO" ISFIXED="NO" ISINTERNAL="NO">$LedgerName = "Ria Corporation (Mumbai)"</SYSTEM>
                </TDLMESSAGE>
            </TDL>
        </DESC>
    </BODY>
</ENVELOPE>

========================
BILL OVERDUE RESPONSE
========================
<ENVELOPE>
 <HEADER>
  <VERSION>1</VERSION>
  <STATUS>1</STATUS>
 </HEADER>
 <BODY>
  <DESC>
   <CMPINFO>
    <COMPANY>0</COMPANY>
    <GROUP>0</GROUP>
    <LEDGER>4</LEDGER>
    <COSTCATEGORY>0</COSTCATEGORY>
    <COSTCENTRE>0</COSTCENTRE>
    <GODOWN>0</GODOWN>
    <STOCKGROUP>0</STOCKGROUP>
    <STOCKCATEGORY>0</STOCKCATEGORY>
    <STOCKITEM>0</STOCKITEM>
    <VOUCHERTYPE>0</VOUCHERTYPE>
    <CURRENCY>1</CURRENCY>
    <UNIT>0</UNIT>
    <BUDGET>0</BUDGET>
    <CLIENTRULE>0</CLIENTRULE>
    <SERVERRULE>0</SERVERRULE>
    <STATE>0</STATE>
    <TDSRATE>0</TDSRATE>
    <TAXCLASSIFICATION>0</TAXCLASSIFICATION>
    <STCATEGORY>0</STCATEGORY>
    <DEDUCTEETYPE>0</DEDUCTEETYPE>
    <ATTENDANCETYPE>0</ATTENDANCETYPE>
    <FBTCATEGORY>0</FBTCATEGORY>
    <FBTASSESSEETYPE>0</FBTASSESSEETYPE>
    <TARIFFCLASSIFICATION>0</TARIFFCLASSIFICATION>
    <EXCISEDUTYCLASSIFICATION>0</EXCISEDUTYCLASSIFICATION>
    <SERIALNUMBER>0</SERIALNUMBER>
    <ADJUSTMENTCLASSIFICATION>0</ADJUSTMENTCLASSIFICATION>
    <INCOMETAXSLAB>0</INCOMETAXSLAB>
    <INCOMETAXCLASSIFICATION>0</INCOMETAXCLASSIFICATION>
    <LBTCLASSIFICATION>0</LBTCLASSIFICATION>
    <TAXUNIT>0</TAXUNIT>
    <RETURNMASTER>0</RETURNMASTER>
    <VOUCHER>1</VOUCHER>
   </CMPINFO>
  </DESC>
  <DATA>
   <COLLECTION>
    <BILL NAME="21747" RESERVEDNAME="">
     <BILLDATE TYPE="Date">20110802</BILLDATE>
     <CLEAREDON TYPE="Date"></CLEAREDON>
     <NAME TYPE="String">21747</NAME>
     <PARENT TYPE="String">Ria Corporation (Mumbai)</PARENT>
     <BILLCREDITPERIOD TYPE="Due Date" JD="40756" P="2-Aug-2011">2-Aug-2011</BILLCREDITPERIOD>
     <LEDGERNAME TYPE="String">Ria Corporation (Mumbai)</LEDGERNAME>
     <ISADVANCE TYPE="Logical">No</ISADVANCE>
     <ISTDSREF TYPE="Logical">No</ISTDSREF>
     <BILLID TYPE="Number"> 28657</BILLID>
     <CLOSINGBALANCE TYPE="Amount">-37183.00</CLOSINGBALANCE>
     <OPENINGBALANCE TYPE="Amount">-57183.00</OPENINGBALANCE>
     <BASECLOSING TYPE="Amount">-37183.00</BASECLOSING>
     <FINALBALANCE TYPE="Amount">-37183.00</FINALBALANCE>
    </BILL>
   </COLLECTION>
  </DATA>
 </BODY>
</ENVELOPE>

<BILL NAME="21747" RESERVEDNAME="">
     <BILLDATE TYPE="Date">20110802</BILLDATE>
     <CLEAREDON TYPE="Date"></CLEAREDON>
     <NAME TYPE="String">21747</NAME>
     <PARENT TYPE="String">Ria Corporation (Mumbai)</PARENT>
     <BILLCREDITPERIOD TYPE="Due Date" JD="40756" P="2-Aug-2011">2-Aug-2011</BILLCREDITPERIOD>
     <LEDGERNAME TYPE="String">Ria Corporation (Mumbai)</LEDGERNAME>
     <ISADVANCE TYPE="Logical">No</ISADVANCE>
     <ISTDSREF TYPE="Logical">No</ISTDSREF>
     <BILLID TYPE="Number"> 28657</BILLID>
     <CLOSINGBALANCE TYPE="Amount">-37183.00</CLOSINGBALANCE>
     <OPENINGBALANCE TYPE="Amount">-57183.00</OPENINGBALANCE>
     <BASECLOSING TYPE="Amount">-37183.00</BASECLOSING>
     <FINALBALANCE TYPE="Amount">-37183.00</FINALBALANCE>
    </BILL>


===========================
Student
===========================

<ENVELOPE>
    <HEADER>
            <VERSION>1</VERSION>
            <TALLYREQUEST>Export</TALLYREQUEST>
            <TYPE>Data</TYPE>
            <ID>Stud List</ID>
    </HEADER>
<BODY>
    <DESC>
    <STATICVARIABLES>
         <EXPLODEFLAG>Yes</EXPLODEFLAG>
                    <SVEXPORTFORMAT>$$SysName:XML</SVEXPORTFORMAT>
            </STATICVARIABLES>
 <TDL>
<TDLMESSAGE>
<REPORT NAME="Stud List" ISMODIFY="No" ISFIXED="No" ISINITIALIZE="No" ISOPTION="No" ISINTERNAL="No">
  <FORMS>Stud Form</FORMS> 
  <TITLE>"List of Students"</TITLE> 
  </REPORT>
<FORM NAME="Stud Form" ISMODIFY="No" ISFIXED="No" ISINITIALIZE="No" ISOPTION="No" ISINTERNAL="No">
  <TOPPARTS>Stud Part</TOPPARTS> 
  </FORM>
 <PART NAME="Stud Part" ISMODIFY="No" ISFIXED="No" ISINITIALIZE="No" ISOPTION="No" ISINTERNAL="No">
  <TOPLINES>Stud Titles, Stud Line</TOPLINES> 
  <REPEAT>Stud Line : Student Masters</REPEAT> 
  <SCROLLED>Vertical</SCROLLED> 
  <COMMONBORDERS>Yes</COMMONBORDERS> 
  </PART>
 <LINE NAME="Stud Titles" ISMODIFY="No" ISFIXED="No" ISINITIALIZE="No" ISOPTION="No" ISINTERNAL="No">
  <USE>Stud Line</USE> 
  <LOCAL>Field: Default : Type : String</LOCAL> 
  <LOCAL>Field: Default : Align : Centre</LOCAL> 
  <LOCAL>Field: Default : Style : Normal Bold</LOCAL> 
  <LOCAL>Field: Stud Name : Set as : "Student Name"</LOCAL> 
  <LOCAL>Field: Stud JoinDate : Set as : "Joining Date"</LOCAL> 
  <LOCAL>Field: Stud FeePaid : Set as : "Fees Paid"</LOCAL> 
  <BORDER>Thin Top Bottom</BORDER> 
  </LINE>
 <LINE NAME="Stud Line" ISMODIFY="No" ISFIXED="No" ISINITIALIZE="No" ISOPTION="No" ISINTERNAL="No">
  <LEFTFIELDS>Stud JoinDate, Stud Name</LEFTFIELDS> 
  <RIGHTFIELDS>Stud FeePaid</RIGHTFIELDS> 
  </LINE>
 <FIELD NAME="Stud JoinDate" ISMODIFY="No" ISFIXED="No" ISINITIALIZE="No" ISOPTION="No" ISINTERNAL="No">
  <USE>Uni Date Field</USE> 
  <SET>$$Date:$JoiningDate</SET> 
  <WIDTH>10</WIDTH> 
  <BORDER>Thin Right</BORDER> 
  </FIELD>
 <FIELD NAME="Stud Name" ISMODIFY="No" ISFIXED="No" ISINITIALIZE="No" ISOPTION="No" ISINTERNAL="No">
  <USE>Name Field</USE> 
  <SET>$Name</SET> 
  <FULLWIDTH>Yes</FULLWIDTH> 
  </FIELD>
 <FIELD NAME="Stud FeePaid" ISMODIFY="No" ISFIXED="No" ISINITIALIZE="No" ISOPTION="No" ISINTERNAL="No">
  <USE>Amount Field</USE> 
  <BORDER>Thin Left Right</BORDER> 
  <SET>$$AsAmount:$FeePaid</SET> 
  </FIELD>
 <OBJECT NAME="Student1" ISMODIFY="No" ISFIXED="No" ISINITIALIZE="No" ISOPTION="No" ISINTERNAL="No">
  <LOCALFORMULA>Name : "Hari"</LOCALFORMULA> 
  <LOCALFORMULA>Fee Paid : 500</LOCALFORMULA> 
  <LOCALFORMULA>Joining Date : "10/01/2007"</LOCALFORMULA> 
  </OBJECT>
 <OBJECT NAME="Student2" ISMODIFY="No" ISFIXED="No" ISINITIALIZE="No" ISOPTION="No" ISINTERNAL="No">
  <LOCALFORMULA>Name : "Keshav"</LOCALFORMULA> 
  <LOCALFORMULA>Fee Paid : 150</LOCALFORMULA> 
  <LOCALFORMULA>Joining Date : "12/02/2007"</LOCALFORMULA> 
  </OBJECT>
 <OBJECT NAME="Student3" ISMODIFY="No" ISFIXED="No" ISINITIALIZE="No" ISOPTION="No" ISINTERNAL="No">
  <LOCALFORMULA>Name : "Madhav"</LOCALFORMULA> 
  <LOCALFORMULA>Fee Paid : 150</LOCALFORMULA> 
  <LOCALFORMULA>Joining Date : "10/01/2007"</LOCALFORMULA> 
  </OBJECT>
 <OBJECT NAME="Student4" ISMODIFY="No" ISFIXED="No" ISINITIALIZE="No" ISOPTION="No" ISINTERNAL="No">
  <LOCALFORMULA>Name : "Krishna"</LOCALFORMULA> 
  <LOCALFORMULA>Fee Paid : 150</LOCALFORMULA> 
  <LOCALFORMULA>Joining Date : "12/03/2007"</LOCALFORMULA> 
  </OBJECT>
 <OBJECT NAME="Student5" ISMODIFY="No" ISFIXED="No" ISINITIALIZE="No" ISOPTION="No" ISINTERNAL="No">
  <LOCALFORMULA>Name : "Gopal"</LOCALFORMULA> 
  <LOCALFORMULA>Fee Paid : 150</LOCALFORMULA> 
  <LOCALFORMULA>Joining Date : "12/02/2007"</LOCALFORMULA> 
  </OBJECT>
 <COLLECTION NAME="Student Masters" ISMODIFY="No" ISFIXED="No" ISINITIALIZE="No" ISOPTION="No" ISINTERNAL="No">
  <OBJECTS>Student1, Student2, Student3, Student4, Student5</OBJECTS> 
  </COLLECTION>
  </TDLMESSAGE>
  </TDL>
  </DESC>
 </BODY>
</ENVELOPE>

======================
Group
======================

<ENVELOPE>
    <HEADER>
        <VERSION>1</VERSION>
        <TALLYREQUEST>EXPORT</TALLYREQUEST>
        <TYPE>COLLECTION</TYPE>
        <ID>Collection of Ledgers</ID>
    </HEADER>
    <BODY>
        <DESC>
            <STATICVARIABLES>
                <SVCURRENTCOMPANY>M.Bharatkumar 2014-15</SVCURRENTCOMPANY>
            </STATICVARIABLES>
            <TDL>
                <TDLMESSAGE>
                    <COLLECTION NAME="Collection of Ledgers" ISMODIFY="No" ISFIXED="No" ISINITIALIZE="No" ISOPTION="No" ISINTERNAL="No">
                        <TYPE>Group</TYPE>
                        <NATIVEMETHOD>Parent</NATIVEMETHOD>
                        <NATIVEMETHOD>Aliases</NATIVEMETHOD>
                        <NATIVEMETHOD>Address</NATIVEMETHOD>
                        <NATIVEMETHOD>OpeningBalance</NATIVEMETHOD>
                        <NATIVEMETHOD>ClosingBalance</NATIVEMETHOD>
                    </COLLECTION>
                    <SYSTEM TYPE="Formulae" NAME="MYFILTER" ISMOIFY="NO" ISFIXED="NO" ISINTERNAL="NO">$Name = "A B Corporation (Banglore)" and $parent = 'Dr - G P Shah'
 </SYSTEM>
                </TDLMESSAGE>
            </TDL>
        </DESC>
    </BODY>
</ENVELOPE>

<ENVELOPE>
 <HEADER>
  <VERSION>1</VERSION>
  <STATUS>1</STATUS>
 </HEADER>
 <BODY>
  <DESC>
   <CMPINFO>
    <COMPANY>0</COMPANY>
    <GROUP>0</GROUP>
    <LEDGER>0</LEDGER>
    <COSTCATEGORY>0</COSTCATEGORY>
    <COSTCENTRE>0</COSTCENTRE>
    <GODOWN>0</GODOWN>
    <STOCKGROUP>0</STOCKGROUP>
    <STOCKCATEGORY>0</STOCKCATEGORY>
    <STOCKITEM>0</STOCKITEM>
    <VOUCHERTYPE>0</VOUCHERTYPE>
    <CURRENCY>0</CURRENCY>
    <UNIT>0</UNIT>
    <BUDGET>0</BUDGET>
    <CLIENTRULE>0</CLIENTRULE>
    <SERVERRULE>0</SERVERRULE>
    <STATE>0</STATE>
    <TDSRATE>0</TDSRATE>
    <TAXCLASSIFICATION>0</TAXCLASSIFICATION>
    <STCATEGORY>0</STCATEGORY>
    <DEDUCTEETYPE>0</DEDUCTEETYPE>
    <ATTENDANCETYPE>0</ATTENDANCETYPE>
    <FBTCATEGORY>0</FBTCATEGORY>
    <FBTASSESSEETYPE>0</FBTASSESSEETYPE>
    <TARIFFCLASSIFICATION>0</TARIFFCLASSIFICATION>
    <EXCISEDUTYCLASSIFICATION>0</EXCISEDUTYCLASSIFICATION>
    <SERIALNUMBER>0</SERIALNUMBER>
    <ADJUSTMENTCLASSIFICATION>0</ADJUSTMENTCLASSIFICATION>
    <INCOMETAXSLAB>0</INCOMETAXSLAB>
    <INCOMETAXCLASSIFICATION>0</INCOMETAXCLASSIFICATION>
    <LBTCLASSIFICATION>0</LBTCLASSIFICATION>
    <TAXUNIT>0</TAXUNIT>
    <RETURNMASTER>0</RETURNMASTER>
    <VOUCHER>0</VOUCHER>
   </CMPINFO>
  </DESC>
  <DATA>
   <COLLECTION ISMSTDEPTYPE="Yes" MSTDEPTYPE="4">
    <GROUP NAME="1 Purchase (4%)" RESERVEDNAME="">
     <PARENT TYPE="String">Purchase Accounts</PARENT>
     <CLOSINGBALANCE TYPE="Amount">0.00</CLOSINGBALANCE>
     <OPENINGBALANCE TYPE="Amount">0.00</OPENINGBALANCE>
    </GROUP>
    <GROUP NAME="1 Sales (4%)" RESERVEDNAME="">
     <PARENT TYPE="String">Sales Accounts</PARENT>
     <CLOSINGBALANCE TYPE="Amount">0.00</CLOSINGBALANCE>
     <OPENINGBALANCE TYPE="Amount">0.00</OPENINGBALANCE>
    </GROUP>
    <GROUP NAME="2 Purchase (12.5%)" RESERVEDNAME="">
     <PARENT TYPE="String">Purchase Accounts</PARENT>
     <CLOSINGBALANCE TYPE="Amount">0.00</CLOSINGBALANCE>
     <OPENINGBALANCE TYPE="Amount">0.00</OPENINGBALANCE>
    </GROUP>
    <GROUP NAME="2 Sales (12.5%)" RESERVEDNAME="">
     <PARENT TYPE="String">Sales Accounts</PARENT>
     <CLOSINGBALANCE TYPE="Amount">0.00</CLOSINGBALANCE>
     <OPENINGBALANCE TYPE="Amount">0.00</OPENINGBALANCE>
    </GROUP>
    <GROUP NAME="3 Purchase (OGS)" RESERVEDNAME="">
     <PARENT TYPE="String">Purchase Accounts</PARENT>
     <CLOSINGBALANCE TYPE="Amount"></CLOSINGBALANCE>
     <OPENINGBALANCE TYPE="Amount">0.00</OPENINGBALANCE>
    </GROUP>
    <GROUP NAME="3 Sales (OGS)" RESERVEDNAME="">
     <PARENT TYPE="String">Sales Accounts</PARENT>
     <CLOSINGBALANCE TYPE="Amount">23100.00</CLOSINGBALANCE>
     <OPENINGBALANCE TYPE="Amount">0.00</OPENINGBALANCE>
    </GROUP>
    <GROUP NAME="4 Purchase (Ag Export)" RESERVEDNAME="">
     <PARENT TYPE="String">Purchase Accounts</PARENT>
     <CLOSINGBALANCE TYPE="Amount">0.00</CLOSINGBALANCE>
     <OPENINGBALANCE TYPE="Amount"></OPENINGBALANCE>
    </GROUP>
    <GROUP NAME="4 Purchase (Taxfree)" RESERVEDNAME="">
     <PARENT TYPE="String">Purchase Accounts</PARENT>
     <CLOSINGBALANCE TYPE="Amount">0.00</CLOSINGBALANCE>
     <OPENINGBALANCE TYPE="Amount">0.00</OPENINGBALANCE>
    </GROUP>
    <GROUP NAME="4 Sales (Export)" RESERVEDNAME="">
     <PARENT TYPE="String">Sales Accounts</PARENT>
     <CLOSINGBALANCE TYPE="Amount">0.00</CLOSINGBALANCE>
     <OPENINGBALANCE TYPE="Amount">0.00</OPENINGBALANCE>
    </GROUP>
    <GROUP NAME="5 Sales (Taxfree)" RESERVEDNAME="">
     <PARENT TYPE="String">Sales Accounts</PARENT>
     <CLOSINGBALANCE TYPE="Amount">126843.13</CLOSINGBALANCE>
     <OPENINGBALANCE TYPE="Amount">0.00</OPENINGBALANCE>
    </GROUP>
    <GROUP NAME="A1" RESERVEDNAME="">
     <PARENT TYPE="String">1 Purchase (4%)</PARENT>
     <CLOSINGBALANCE TYPE="Amount"></CLOSINGBALANCE>
     <OPENINGBALANCE TYPE="Amount"></OPENINGBALANCE>
    </GROUP>
    <GROUP NAME="Administrative Exp" RESERVEDNAME="">
     <PARENT TYPE="String">Indirect Expenses</PARENT>
     <CLOSINGBALANCE TYPE="Amount"></CLOSINGBALANCE>
     <OPENINGBALANCE TYPE="Amount">0.00</OPENINGBALANCE>
    </GROUP>
    <GROUP NAME="Amratlal Dalal" RESERVEDNAME="">
     <PARENT TYPE="String">Cr - Mumbai</PARENT>
     <CLOSINGBALANCE TYPE="Amount">0.00</CLOSINGBALANCE>
     <OPENINGBALANCE TYPE="Amount">0.00</OPENINGBALANCE>
    </GROUP>
    <GROUP NAME="ASHISH SU. Depo Group" RESERVEDNAME="">
     <PARENT TYPE="String">Other Loans Group</PARENT>
     <CLOSINGBALANCE TYPE="Amount">0.00</CLOSINGBALANCE>
     <OPENINGBALANCE TYPE="Amount">0.00</OPENINGBALANCE>
    </GROUP>
    <GROUP NAME="Bank Accounts" RESERVEDNAME="Bank Accounts">
     <PARENT TYPE="String">Current Assets</PARENT>
     <CLOSINGBALANCE TYPE="Amount">-$ 61047.00 @ ? 70.9701/$  = ? 4332511.30</CLOSINGBALANCE>
     <OPENINGBALANCE TYPE="Amount">-$ 61047.00 @ ? 0.083/$  = -? 5069.70</OPENINGBALANCE>
    </GROUP>
    <GROUP NAME="Bank OD A/c" RESERVEDNAME="Bank OD A/c">
     <PARENT TYPE="String">Loans (Liability)</PARENT>
     <CLOSINGBALANCE TYPE="Amount">30869220.70</CLOSINGBALANCE>
     <OPENINGBALANCE TYPE="Amount">30381309.70</OPENINGBALANCE>
    </GROUP>
    <GROUP NAME="Branch / Divisions" RESERVEDNAME="Branch / Divisions">
     <PARENT TYPE="String">&#4; Primary</PARENT>
     <CLOSINGBALANCE TYPE="Amount"></CLOSINGBALANCE>
     <OPENINGBALANCE TYPE="Amount"></OPENINGBALANCE>
    </GROUP>
    <GROUP NAME="Capital Account" RESERVEDNAME="Capital Account">
     <PARENT TYPE="String">&#4; Primary</PARENT>
     <CLOSINGBALANCE TYPE="Amount">5193317.42</CLOSINGBALANCE>
     <OPENINGBALANCE TYPE="Amount">5193317.42</OPENINGBALANCE>
    </GROUP>
    <GROUP NAME="Cash-in-hand" RESERVEDNAME="Cash-in-hand">
     <PARENT TYPE="String">Current Assets</PARENT>
     <CLOSINGBALANCE TYPE="Amount">-137432.00</CLOSINGBALANCE>
     <OPENINGBALANCE TYPE="Amount">-137432.00</OPENINGBALANCE>
    </GROUP>
    <GROUP NAME="Cr - Andhra Pradesh" RESERVEDNAME="">
     <PARENT TYPE="String">Sundry Creditors</PARENT>
     <CLOSINGBALANCE TYPE="Amount">0.00</CLOSINGBALANCE>
     <OPENINGBALANCE TYPE="Amount">0.00</OPENINGBALANCE>
    </GROUP>
    <GROUP NAME="Cr - Delhi" RESERVEDNAME="">
     <PARENT TYPE="String">Sundry Creditors</PARENT>
     <CLOSINGBALANCE TYPE="Amount">101196.00</CLOSINGBALANCE>
     <OPENINGBALANCE TYPE="Amount">101196.00</OPENINGBALANCE>
    </GROUP>
    <GROUP NAME="Cr - Expenses" RESERVEDNAME="">
     <PARENT TYPE="String">Sundry Creditors</PARENT>
     <CLOSINGBALANCE TYPE="Amount">3238644.67</CLOSINGBALANCE>
     <OPENINGBALANCE TYPE="Amount">3238644.67</OPENINGBALANCE>
    </GROUP>
    <GROUP NAME="Cr - Gujarat" RESERVEDNAME="">
     <PARENT TYPE="String">Sundry Creditors</PARENT>
     <CLOSINGBALANCE TYPE="Amount">854942.00</CLOSINGBALANCE>
     <OPENINGBALANCE TYPE="Amount">854942.00</OPENINGBALANCE>
    </GROUP>
    <GROUP NAME="Cr - Haryana" RESERVEDNAME="">
     <PARENT TYPE="String">Sundry Creditors</PARENT>
     <CLOSINGBALANCE TYPE="Amount">385580.00</CLOSINGBALANCE>
     <OPENINGBALANCE TYPE="Amount">385580.00</OPENINGBALANCE>
    </GROUP>
    <GROUP NAME="Cr - Jobwork" RESERVEDNAME="">
     <PARENT TYPE="String">Sundry Creditors</PARENT>
     <CLOSINGBALANCE TYPE="Amount"></CLOSINGBALANCE>
     <OPENINGBALANCE TYPE="Amount">0.00</OPENINGBALANCE>
    </GROUP>
    <GROUP NAME="Cr - Karnataka" RESERVEDNAME="">
     <PARENT TYPE="String">Sundry Creditors</PARENT>
     <CLOSINGBALANCE TYPE="Amount">0.00</CLOSINGBALANCE>
     <OPENINGBALANCE TYPE="Amount">0.00</OPENINGBALANCE>
    </GROUP>
    <GROUP NAME="Cr - Local" RESERVEDNAME="">
     <PARENT TYPE="String">Sundry Creditors</PARENT>
     <CLOSINGBALANCE TYPE="Amount">$ 496.52 @ ? 16186.4207/$  = ? 8036881.63</CLOSINGBALANCE>
     <OPENINGBALANCE TYPE="Amount">$ 496.52 @ ? 22693.3832/$  = ? 11267718.63</OPENINGBALANCE>
    </GROUP>
    <GROUP NAME="Cr - Maharashtra" RESERVEDNAME="">
     <PARENT TYPE="String">Sundry Creditors</PARENT>
     <CLOSINGBALANCE TYPE="Amount">2311476.45</CLOSINGBALANCE>
     <OPENINGBALANCE TYPE="Amount">2311476.45</OPENINGBALANCE>
    </GROUP>
    <GROUP NAME="Cr - M.P" RESERVEDNAME="">
     <PARENT TYPE="String">Sundry Creditors</PARENT>
     <CLOSINGBALANCE TYPE="Amount">5082.00</CLOSINGBALANCE>
     <OPENINGBALANCE TYPE="Amount">5082.00</OPENINGBALANCE>
    </GROUP>
    <GROUP NAME="Cr - Mumbai" RESERVEDNAME="">
     <PARENT TYPE="String">Cr - Maharashtra</PARENT>
     <CLOSINGBALANCE TYPE="Amount">83717.45</CLOSINGBALANCE>
     <OPENINGBALANCE TYPE="Amount">83717.45</OPENINGBALANCE>
    </GROUP>
    <GROUP NAME="Cr- Panipat" RESERVEDNAME="">
     <PARENT TYPE="String">Sundry Creditors</PARENT>
     <CLOSINGBALANCE TYPE="Amount">12620.00</CLOSINGBALANCE>
     <OPENINGBALANCE TYPE="Amount">12620.00</OPENINGBALANCE>
    </GROUP>
    <GROUP NAME="Cr - Process &amp; Stiching" RESERVEDNAME="">
     <PARENT TYPE="String">Sundry Creditors</PARENT>
     <CLOSINGBALANCE TYPE="Amount">3064030.00</CLOSINGBALANCE>
     <OPENINGBALANCE TYPE="Amount">4367382.00</OPENINGBALANCE>
    </GROUP>
    <GROUP NAME="Cr - Punjab" RESERVEDNAME="">
     <PARENT TYPE="String">Sundry Creditors</PARENT>
     <CLOSINGBALANCE TYPE="Amount">-8440.00</CLOSINGBALANCE>
     <OPENINGBALANCE TYPE="Amount">-8440.00</OPENINGBALANCE>
    </GROUP>
    <GROUP NAME="Cr - Rajasthan" RESERVEDNAME="">
     <PARENT TYPE="String">Sundry Creditors</PARENT>
     <CLOSINGBALANCE TYPE="Amount">0.00</CLOSINGBALANCE>
     <OPENINGBALANCE TYPE="Amount">0.00</OPENINGBALANCE>
    </GROUP>
    <GROUP NAME="Cr - Solapur" RESERVEDNAME="">
     <PARENT TYPE="String">Cr - Maharashtra</PARENT>
     <CLOSINGBALANCE TYPE="Amount">144923.00</CLOSINGBALANCE>
     <OPENINGBALANCE TYPE="Amount">144923.00</OPENINGBALANCE>
    </GROUP>
    <GROUP NAME="Cr - Tamilnadu,Karur,Erode" RESERVEDNAME="">
     <PARENT TYPE="String">Sundry Creditors</PARENT>
     <CLOSINGBALANCE TYPE="Amount">7950986.00</CLOSINGBALANCE>
     <OPENINGBALANCE TYPE="Amount">7950986.00</OPENINGBALANCE>
    </GROUP>
    <GROUP NAME="Cr - Uttar Pradesh" RESERVEDNAME="">
     <PARENT TYPE="String">Sundry Creditors</PARENT>
     <CLOSINGBALANCE TYPE="Amount">14000.00</CLOSINGBALANCE>
     <OPENINGBALANCE TYPE="Amount">14000.00</OPENINGBALANCE>
    </GROUP>
    <GROUP NAME="Cr - West Bengal" RESERVEDNAME="">
     <PARENT TYPE="String">Sundry Creditors</PARENT>
     <CLOSINGBALANCE TYPE="Amount">0.00</CLOSINGBALANCE>
     <OPENINGBALANCE TYPE="Amount">0.00</OPENINGBALANCE>
    </GROUP>
    <GROUP NAME="CST" RESERVEDNAME="">
     <PARENT TYPE="String">Duties &amp; Taxes</PARENT>
     <CLOSINGBALANCE TYPE="Amount">1200.00</CLOSINGBALANCE>
     <OPENINGBALANCE TYPE="Amount">0.00</OPENINGBALANCE>
    </GROUP>
    <GROUP NAME="CST 5%" RESERVEDNAME="">
     <PARENT TYPE="String">CST</PARENT>
     <CLOSINGBALANCE TYPE="Amount">0.00</CLOSINGBALANCE>
     <OPENINGBALANCE TYPE="Amount"></OPENINGBALANCE>
    </GROUP>
    <GROUP NAME="Current Assets" RESERVEDNAME="Current Assets">
     <PARENT TYPE="String">&#4; Primary</PARENT>
     <CLOSINGBALANCE TYPE="Amount">-$ 62197.22 @ ? 1827.2771/$  = -? 113651557.22</CLOSINGBALANCE>
     <OPENINGBALANCE TYPE="Amount">-$ 62197.22 @ ? 1895.2426/$  = -? 117878818.02</OPENINGBALANCE>
    </GROUP>
    <GROUP NAME="Current Liabilities" RESERVEDNAME="Current Liabilities">
     <PARENT TYPE="String">&#4; Primary</PARENT>
     <CLOSINGBALANCE TYPE="Amount">$ 496.52 @ ? 54406.6046/$  = ? 27013967.34</CLOSINGBALANCE>
     <OPENINGBALANCE TYPE="Amount">$ 496.52 @ ? 63522.987/$  = ? 31540433.51</OPENINGBALANCE>
    </GROUP>
    <GROUP NAME="Deposits (Asset)" RESERVEDNAME="Deposits (Asset)">
     <PARENT TYPE="String">Current Assets</PARENT>
     <CLOSINGBALANCE TYPE="Amount">-25068.00</CLOSINGBALANCE>
     <OPENINGBALANCE TYPE="Amount">-25068.00</OPENINGBALANCE>
    </GROUP>
    <GROUP NAME="Depreciation Exp" RESERVEDNAME="">
     <PARENT TYPE="String">Indirect Expenses</PARENT>
     <CLOSINGBALANCE TYPE="Amount"></CLOSINGBALANCE>
     <OPENINGBALANCE TYPE="Amount">0.00</OPENINGBALANCE>
    </GROUP>
    <GROUP NAME="Direct Expenses" RESERVEDNAME="Direct Expenses">
     <PARENT TYPE="String">&#4; Primary</PARENT>
     <CLOSINGBALANCE TYPE="Amount">-105502.13</CLOSINGBALANCE>
     <OPENINGBALANCE TYPE="Amount">0.00</OPENINGBALANCE>
    </GROUP>
    <GROUP NAME="Direct Incomes" RESERVEDNAME="Direct Incomes">
     <PARENT TYPE="String">&#4; Primary</PARENT>
     <CLOSINGBALANCE TYPE="Amount"></CLOSINGBALANCE>
     <OPENINGBALANCE TYPE="Amount">0.00</OPENINGBALANCE>
    </GROUP>
    <GROUP NAME="Dr - A&apos;bad (East)" RESERVEDNAME="">
     <PARENT TYPE="String">Dr - Satish Giri</PARENT>
     <CLOSINGBALANCE TYPE="Amount">0.00</CLOSINGBALANCE>
     <OPENINGBALANCE TYPE="Amount">0.00</OPENINGBALANCE>
    </GROUP>
    <GROUP NAME="Dr - A&apos;bad (West)" RESERVEDNAME="">
     <PARENT TYPE="String">Dr - Satish Giri</PARENT>
     <CLOSINGBALANCE TYPE="Amount">-229590.00</CLOSINGBALANCE>
     <OPENINGBALANCE TYPE="Amount">-229590.00</OPENINGBALANCE>
    </GROUP>
    <GROUP NAME="Dr- Abhay Sethia" RESERVEDNAME="">
     <PARENT TYPE="String">Dr - Gujarat (Local) Agents</PARENT>
     <CLOSINGBALANCE TYPE="Amount"></CLOSINGBALANCE>
     <OPENINGBALANCE TYPE="Amount">0.00</OPENINGBALANCE>
    </GROUP>
    <GROUP NAME="Dr - ABS (A&apos;bad)" RESERVEDNAME="">
     <PARENT TYPE="String">Dr - Akshay B Shah</PARENT>
     <CLOSINGBALANCE TYPE="Amount">-49526.00</CLOSINGBALANCE>
     <OPENINGBALANCE TYPE="Amount">-49526.00</OPENINGBALANCE>
    </GROUP>
    <GROUP NAME="Dr - ABS (Surat)" RESERVEDNAME="">
     <PARENT TYPE="String">Dr - Akshay B Shah</PARENT>
     <CLOSINGBALANCE TYPE="Amount">-68681.00</CLOSINGBALANCE>
     <OPENINGBALANCE TYPE="Amount">-68681.00</OPENINGBALANCE>
    </GROUP>
    <GROUP NAME="Dr - ABS (Surat After)" RESERVEDNAME="">
     <PARENT TYPE="String">Dr - Akshay B Shah</PARENT>
     <CLOSINGBALANCE TYPE="Amount">-19772.00</CLOSINGBALANCE>
     <OPENINGBALANCE TYPE="Amount">-19772.00</OPENINGBALANCE>
    </GROUP>
    <GROUP NAME="Dr - ABS (Surat Before)" RESERVEDNAME="">
     <PARENT TYPE="String">Dr - Akshay B Shah</PARENT>
     <CLOSINGBALANCE TYPE="Amount">-107699.00</CLOSINGBALANCE>
     <OPENINGBALANCE TYPE="Amount">-107699.00</OPENINGBALANCE>
    </GROUP>
    <GROUP NAME="Dr - Akshay B Shah" RESERVEDNAME="">
     <PARENT TYPE="String">Dr - Shantilal V Prajapati</PARENT>
     <CLOSINGBALANCE TYPE="Amount">-245678.00</CLOSINGBALANCE>
     <OPENINGBALANCE TYPE="Amount">-245678.00</OPENINGBALANCE>
    </GROUP>
    <GROUP NAME="Dr - Ambica Textile" RESERVEDNAME="">
     <PARENT TYPE="String">Dr - Gujarat (Local) Agents</PARENT>
     <CLOSINGBALANCE TYPE="Amount">0.00</CLOSINGBALANCE>
     <OPENINGBALANCE TYPE="Amount">0.00</OPENINGBALANCE>
    </GROUP>
    <GROUP NAME="Dr - A P Sukla" RESERVEDNAME="">
     <PARENT TYPE="String">Dr - Gujarat (Local) Agents</PARENT>
     <CLOSINGBALANCE TYPE="Amount">0.00</CLOSINGBALANCE>
     <OPENINGBALANCE TYPE="Amount">0.00</OPENINGBALANCE>
    </GROUP>
    <GROUP NAME="Dr - Arihant Textile (Nagpur)" RESERVEDNAME="">
     <PARENT TYPE="String">Dr - Hemangbhai</PARENT>
     <CLOSINGBALANCE TYPE="Amount">-407851.00</CLOSINGBALANCE>
     <OPENINGBALANCE TYPE="Amount">-407851.00</OPENINGBALANCE>
    </GROUP>
    <GROUP NAME="Dr - Arjun Tex Agency" RESERVEDNAME="">
     <PARENT TYPE="String">Dr - SBS (Agents)</PARENT>
     <CLOSINGBALANCE TYPE="Amount"></CLOSINGBALANCE>
     <OPENINGBALANCE TYPE="Amount">0.00</OPENINGBALANCE>
    </GROUP>
    <GROUP NAME="Dr - Balaji Corporation" RESERVEDNAME="">
     <PARENT TYPE="String">Dr - Banvarilal</PARENT>
     <CLOSINGBALANCE TYPE="Amount"></CLOSINGBALANCE>
     <OPENINGBALANCE TYPE="Amount">0.00</OPENINGBALANCE>
    </GROUP>
    <GROUP NAME="Dr - Balika Tex." RESERVEDNAME="">
     <PARENT TYPE="String">Dr - Banvarilal</PARENT>
     <CLOSINGBALANCE TYPE="Amount">-18295.00</CLOSINGBALANCE>
     <OPENINGBALANCE TYPE="Amount">-18295.00</OPENINGBALANCE>
    </GROUP>
    <GROUP NAME="Dr - Balvant" RESERVEDNAME="">
     <PARENT TYPE="String">Dr - Banvarilal</PARENT>
     <CLOSINGBALANCE TYPE="Amount">-868087.00</CLOSINGBALANCE>
     <OPENINGBALANCE TYPE="Amount">-868087.00</OPENINGBALANCE>
    </GROUP>
    <GROUP NAME="Dr - Banvarilal" RESERVEDNAME="">
     <PARENT TYPE="String">Sundry Debtors</PARENT>
     <CLOSINGBALANCE TYPE="Amount">-12225954.00</CLOSINGBALANCE>
     <OPENINGBALANCE TYPE="Amount">-12225954.00</OPENINGBALANCE>
    </GROUP>
    <GROUP NAME="Dr - Bharti Retail Ltd" RESERVEDNAME="">
     <PARENT TYPE="String">Dr - Mall</PARENT>
     <CLOSINGBALANCE TYPE="Amount">0.00</CLOSINGBALANCE>
     <OPENINGBALANCE TYPE="Amount">0.00</OPENINGBALANCE>
    </GROUP>
    <GROUP NAME="Dr - Bharti Wallmart" RESERVEDNAME="">
     <PARENT TYPE="String">Dr - Mall</PARENT>
     <CLOSINGBALANCE TYPE="Amount">-308327.00</CLOSINGBALANCE>
     <OPENINGBALANCE TYPE="Amount">-308327.00</OPENINGBALANCE>
    </GROUP>
    <GROUP NAME="Dr - Bhawarlal" RESERVEDNAME="">
     <PARENT TYPE="String">Dr - Hemangbhai</PARENT>
     <CLOSINGBALANCE TYPE="Amount">-888955.00</CLOSINGBALANCE>
     <OPENINGBALANCE TYPE="Amount">-888955.00</OPENINGBALANCE>
    </GROUP>
    <GROUP NAME="Dr - Bhupendra P Shah" RESERVEDNAME="">
     <PARENT TYPE="String">Dr - Banvarilal</PARENT>
     <CLOSINGBALANCE TYPE="Amount">0.00</CLOSINGBALANCE>
     <OPENINGBALANCE TYPE="Amount">0.00</OPENINGBALANCE>
    </GROUP>
    <GROUP NAME="Dr - Chandubhai" RESERVEDNAME="">
     <PARENT TYPE="String">Dr - Banvarilal</PARENT>
     <CLOSINGBALANCE TYPE="Amount"></CLOSINGBALANCE>
     <OPENINGBALANCE TYPE="Amount">0.00</OPENINGBALANCE>
    </GROUP>
    <GROUP NAME="Dr - Chinubhai Dahyabhai" RESERVEDNAME="">
     <PARENT TYPE="String">Dr - Hemangbhai</PARENT>
     <CLOSINGBALANCE TYPE="Amount">0.00</CLOSINGBALANCE>
     <OPENINGBALANCE TYPE="Amount">0.00</OPENINGBALANCE>
    </GROUP>
    <GROUP NAME="Dr - Chopra Agencies (Kolkata)" RESERVEDNAME="">
     <PARENT TYPE="String">Dr - Banvarilal</PARENT>
     <CLOSINGBALANCE TYPE="Amount">-2873389.00</CLOSINGBALANCE>
     <OPENINGBALANCE TYPE="Amount">-2873389.00</OPENINGBALANCE>
    </GROUP>
    <GROUP NAME="Dr - C M Textiles (Secunderabad)" RESERVEDNAME="">
     <PARENT TYPE="String">Dr - Hemangbhai</PARENT>
     <CLOSINGBALANCE TYPE="Amount">0.00</CLOSINGBALANCE>
     <OPENINGBALANCE TYPE="Amount">0.00</OPENINGBALANCE>
    </GROUP>
    <GROUP NAME="Dr - Deepa Textiles" RESERVEDNAME="">
     <PARENT TYPE="String">Dr - Gujarat (Local) Agents</PARENT>
     <CLOSINGBALANCE TYPE="Amount"></CLOSINGBALANCE>
     <OPENINGBALANCE TYPE="Amount"></OPENINGBALANCE>
    </GROUP>
    <GROUP NAME="Dr - Devendra (Local)" RESERVEDNAME="">
     <PARENT TYPE="String">Dr - Gujarat (Local) Agents</PARENT>
     <CLOSINGBALANCE TYPE="Amount">-1556192.00</CLOSINGBALANCE>
     <OPENINGBALANCE TYPE="Amount">-1556192.00</OPENINGBALANCE>
    </GROUP>
    <GROUP NAME="Dr - Devpal M.Shah" RESERVEDNAME="">
     <PARENT TYPE="String">Dr - Banvarilal</PARENT>
     <CLOSINGBALANCE TYPE="Amount">-65898.00</CLOSINGBALANCE>
     <OPENINGBALANCE TYPE="Amount">-65898.00</OPENINGBALANCE>
    </GROUP>
    <GROUP NAME="Dr- Dhirenbhai Chalisha" RESERVEDNAME="">
     <PARENT TYPE="String">Sundry Debtors</PARENT>
     <CLOSINGBALANCE TYPE="Amount"></CLOSINGBALANCE>
     <OPENINGBALANCE TYPE="Amount"></OPENINGBALANCE>
    </GROUP>
    <GROUP NAME="Dr - Dilipbhai" RESERVEDNAME="">
     <PARENT TYPE="String">Dr - Gujarat (Local) Agents</PARENT>
     <CLOSINGBALANCE TYPE="Amount"></CLOSINGBALANCE>
     <OPENINGBALANCE TYPE="Amount">0.00</OPENINGBALANCE>
    </GROUP>
    <GROUP NAME="Dr Dineshbhai" RESERVEDNAME="">
     <PARENT TYPE="String">Dr - Gujarat (Local) Agents</PARENT>
     <CLOSINGBALANCE TYPE="Amount">0.00</CLOSINGBALANCE>
     <OPENINGBALANCE TYPE="Amount">0.00</OPENINGBALANCE>
    </GROUP>
    <GROUP NAME="Dr - Dipak Thakkar" RESERVEDNAME="">
     <PARENT TYPE="String">Dr - Hemangbhai</PARENT>
     <CLOSINGBALANCE TYPE="Amount">-98616.00</CLOSINGBALANCE>
     <OPENINGBALANCE TYPE="Amount">-98616.00</OPENINGBALANCE>
    </GROUP>
    <GROUP NAME="Dr - D Mart" RESERVEDNAME="">
     <PARENT TYPE="String">Dr - Mall</PARENT>
     <CLOSINGBALANCE TYPE="Amount">-839878.98</CLOSINGBALANCE>
     <OPENINGBALANCE TYPE="Amount">-839878.98</OPENINGBALANCE>
    </GROUP>
    <GROUP NAME="Dr - D Mart (Mumbai)" RESERVEDNAME="">
     <PARENT TYPE="String">Dr - Mall</PARENT>
     <CLOSINGBALANCE TYPE="Amount"></CLOSINGBALANCE>
     <OPENINGBALANCE TYPE="Amount">0.00</OPENINGBALANCE>
    </GROUP>
    <GROUP NAME="Dr - Exports" RESERVEDNAME="">
     <PARENT TYPE="String">Sundry Debtors</PARENT>
     <CLOSINGBALANCE TYPE="Amount">-$ 1150.22 @ ? 613.4573/$  = -? 705610.84</CLOSINGBALANCE>
     <OPENINGBALANCE TYPE="Amount">-$ 1150.22 @ ? 613.4573/$  = -? 705610.84</OPENINGBALANCE>
    </GROUP>
    <GROUP NAME="Dr - Geeta Agencies" RESERVEDNAME="">
     <PARENT TYPE="String">Sundry Debtors</PARENT>
     <CLOSINGBALANCE TYPE="Amount"></CLOSINGBALANCE>
     <OPENINGBALANCE TYPE="Amount"></OPENINGBALANCE>
    </GROUP>
    <GROUP NAME="Dr - Gpp Ahmedabad" RESERVEDNAME="">
     <PARENT TYPE="String">Dr - Gujarat (Local) Agents</PARENT>
     <CLOSINGBALANCE TYPE="Amount"></CLOSINGBALANCE>
     <OPENINGBALANCE TYPE="Amount"></OPENINGBALANCE>
    </GROUP>
    <GROUP NAME="Dr - G P Shah" RESERVEDNAME="">
     <PARENT TYPE="String">Dr - Hemangbhai</PARENT>
     <CLOSINGBALANCE TYPE="Amount">-3311740.00</CLOSINGBALANCE>
     <OPENINGBALANCE TYPE="Amount">-3288640.00</OPENINGBALANCE>
    </GROUP>
    <GROUP NAME="Dr - Gujarat" RESERVEDNAME="">
     <PARENT TYPE="String">Sundry Debtors</PARENT>
     <CLOSINGBALANCE TYPE="Amount">0.00</CLOSINGBALANCE>
     <OPENINGBALANCE TYPE="Amount">0.00</OPENINGBALANCE>
    </GROUP>
    <GROUP NAME="Dr - Gujarat (Local) Agents" RESERVEDNAME="">
     <PARENT TYPE="String">Sundry Debtors</PARENT>
     <CLOSINGBALANCE TYPE="Amount">-2000630.50</CLOSINGBALANCE>
     <OPENINGBALANCE TYPE="Amount">-2000630.50</OPENINGBALANCE>
    </GROUP>
    <GROUP NAME="Dr - Gujarat (Local) Direct" RESERVEDNAME="">
     <PARENT TYPE="String">Sundry Debtors</PARENT>
     <CLOSINGBALANCE TYPE="Amount">-6062015.05</CLOSINGBALANCE>
     <OPENINGBALANCE TYPE="Amount">-6062015.05</OPENINGBALANCE>
    </GROUP>
    <GROUP NAME="Dr - Hemangbhai" RESERVEDNAME="">
     <PARENT TYPE="String">Sundry Debtors</PARENT>
     <CLOSINGBALANCE TYPE="Amount">-21374355.00</CLOSINGBALANCE>
     <OPENINGBALANCE TYPE="Amount">-21249322.00</OPENINGBALANCE>
    </GROUP>
    <GROUP NAME="Dr - Jagdish M Prajapati" RESERVEDNAME="">
     <PARENT TYPE="String">Dr - Shantilal V Prajapati</PARENT>
     <CLOSINGBALANCE TYPE="Amount"></CLOSINGBALANCE>
     <OPENINGBALANCE TYPE="Amount">0.00</OPENINGBALANCE>
    </GROUP>
    <GROUP NAME="Dr - Jaychand Textile Haydrabad" RESERVEDNAME="">
     <PARENT TYPE="String">Dr - Hemangbhai</PARENT>
     <CLOSINGBALANCE TYPE="Amount">-820512.00</CLOSINGBALANCE>
     <OPENINGBALANCE TYPE="Amount">-820512.00</OPENINGBALANCE>
    </GROUP>
    <GROUP NAME="Dr - Jogmaya Tex Ag (Guwahati)" RESERVEDNAME="">
     <PARENT TYPE="String">Dr - Banvarilal</PARENT>
     <CLOSINGBALANCE TYPE="Amount">-547999.00</CLOSINGBALANCE>
     <OPENINGBALANCE TYPE="Amount">-547999.00</OPENINGBALANCE>
    </GROUP>
    <GROUP NAME="Dr Kamalbhai" RESERVEDNAME="">
     <PARENT TYPE="String">Dr - Gujarat (Local) Agents</PARENT>
     <CLOSINGBALANCE TYPE="Amount">-214848.50</CLOSINGBALANCE>
     <OPENINGBALANCE TYPE="Amount">-214848.50</OPENINGBALANCE>
    </GROUP>
    <GROUP NAME="Dr - Kataria Agency" RESERVEDNAME="">
     <PARENT TYPE="String">Dr - SBS (Agents)</PARENT>
     <CLOSINGBALANCE TYPE="Amount"></CLOSINGBALANCE>
     <OPENINGBALANCE TYPE="Amount"></OPENINGBALANCE>
    </GROUP>
    <GROUP NAME="Dr - Khushboo Tex" RESERVEDNAME="">
     <PARENT TYPE="String">Dr - Banvarilal</PARENT>
     <CLOSINGBALANCE TYPE="Amount">-366990.00</CLOSINGBALANCE>
     <OPENINGBALANCE TYPE="Amount">-366990.00</OPENINGBALANCE>
    </GROUP>
    <GROUP NAME="Dr - Kiritbhai Modi" RESERVEDNAME="">
     <PARENT TYPE="String">Dr - Banvarilal</PARENT>
     <CLOSINGBALANCE TYPE="Amount"></CLOSINGBALANCE>
     <OPENINGBALANCE TYPE="Amount">0.00</OPENINGBALANCE>
    </GROUP>
    <GROUP NAME="Dr - Kumar Cloth Agency Patna" RESERVEDNAME="">
     <PARENT TYPE="String">Dr - Banvarilal</PARENT>
     <CLOSINGBALANCE TYPE="Amount">-387024.00</CLOSINGBALANCE>
     <OPENINGBALANCE TYPE="Amount">-387024.00</OPENINGBALANCE>
    </GROUP>
    <GROUP NAME="Dr Laxmi Agency - Gandevi" RESERVEDNAME="">
     <PARENT TYPE="String">Dr - Gujarat (Local) Direct</PARENT>
     <CLOSINGBALANCE TYPE="Amount"></CLOSINGBALANCE>
     <OPENINGBALANCE TYPE="Amount"></OPENINGBALANCE>
    </GROUP>
    <GROUP NAME="Dr Malaram" RESERVEDNAME="">
     <PARENT TYPE="String">Dr - Gujarat (Local) Agents</PARENT>
     <CLOSINGBALANCE TYPE="Amount">0.00</CLOSINGBALANCE>
     <OPENINGBALANCE TYPE="Amount">0.00</OPENINGBALANCE>
    </GROUP>
    <GROUP NAME="Dr - Mall" RESERVEDNAME="">
     <PARENT TYPE="String">Sundry Debtors</PARENT>
     <CLOSINGBALANCE TYPE="Amount">-1148205.98</CLOSINGBALANCE>
     <OPENINGBALANCE TYPE="Amount">-1148205.98</OPENINGBALANCE>
    </GROUP>
    <GROUP NAME="Dr - Mamidi Ramchandra Rao (Hyderabad)" RESERVEDNAME="">
     <PARENT TYPE="String">Dr - Hemangbhai</PARENT>
     <CLOSINGBALANCE TYPE="Amount">-1293259.00</CLOSINGBALANCE>
     <OPENINGBALANCE TYPE="Amount">-1293259.00</OPENINGBALANCE>
    </GROUP>
    <GROUP NAME="Dr-Manohar Agency(Panchkuva)" RESERVEDNAME="">
     <PARENT TYPE="String">Dr - Gujarat (Local) Agents</PARENT>
     <CLOSINGBALANCE TYPE="Amount">0.00</CLOSINGBALANCE>
     <OPENINGBALANCE TYPE="Amount">0.00</OPENINGBALANCE>
    </GROUP>
    <GROUP NAME="Dr- Manojbhai" RESERVEDNAME="">
     <PARENT TYPE="String">Dr - Raghani Agency</PARENT>
     <CLOSINGBALANCE TYPE="Amount"></CLOSINGBALANCE>
     <OPENINGBALANCE TYPE="Amount"></OPENINGBALANCE>
    </GROUP>
    <GROUP NAME="Dr- Marudhar Agency" RESERVEDNAME="">
     <PARENT TYPE="String">Dr - Shantilal V Prajapati</PARENT>
     <CLOSINGBALANCE TYPE="Amount"></CLOSINGBALANCE>
     <OPENINGBALANCE TYPE="Amount">0.00</OPENINGBALANCE>
    </GROUP>
    <GROUP NAME="Dr - Mukeshbhai (Local)" RESERVEDNAME="">
     <PARENT TYPE="String">Dr - Gujarat (Local) Agents</PARENT>
     <CLOSINGBALANCE TYPE="Amount">0.00</CLOSINGBALANCE>
     <OPENINGBALANCE TYPE="Amount">0.00</OPENINGBALANCE>
    </GROUP>
    <GROUP NAME="Dr - Mukesh S Shah (Mumbai)" RESERVEDNAME="">
     <PARENT TYPE="String">Dr - Hemangbhai</PARENT>
     <CLOSINGBALANCE TYPE="Amount">-1891400.00</CLOSINGBALANCE>
     <OPENINGBALANCE TYPE="Amount">-1891400.00</OPENINGBALANCE>
    </GROUP>
    <GROUP NAME="Dr - Narendra Textile Agency (Delhi)" RESERVEDNAME="">
     <PARENT TYPE="String">Dr - Banvarilal</PARENT>
     <CLOSINGBALANCE TYPE="Amount">-2516020.00</CLOSINGBALANCE>
     <OPENINGBALANCE TYPE="Amount">-2516020.00</OPENINGBALANCE>
    </GROUP>
    <GROUP NAME="Dr - Nikhil Agency" RESERVEDNAME="">
     <PARENT TYPE="String">Dr - Banvarilal</PARENT>
     <CLOSINGBALANCE TYPE="Amount">-51820.00</CLOSINGBALANCE>
     <OPENINGBALANCE TYPE="Amount">-51820.00</OPENINGBALANCE>
    </GROUP>
    <GROUP NAME="Dr-Niraj Angecy" RESERVEDNAME="">
     <PARENT TYPE="String">Dr - Gujarat (Local) Agents</PARENT>
     <CLOSINGBALANCE TYPE="Amount">0.00</CLOSINGBALANCE>
     <OPENINGBALANCE TYPE="Amount">0.00</OPENINGBALANCE>
    </GROUP>
    <GROUP NAME="Dr - N S Traders (Panchkuva)" RESERVEDNAME="">
     <PARENT TYPE="String">Dr - Hemangbhai</PARENT>
     <CLOSINGBALANCE TYPE="Amount"></CLOSINGBALANCE>
     <OPENINGBALANCE TYPE="Amount">0.00</OPENINGBALANCE>
    </GROUP>
    <GROUP NAME="Dr - OGS Direct" RESERVEDNAME="">
     <PARENT TYPE="String">Sundry Debtors</PARENT>
     <CLOSINGBALANCE TYPE="Amount">-995587.20</CLOSINGBALANCE>
     <OPENINGBALANCE TYPE="Amount">-968979.00</OPENINGBALANCE>
    </GROUP>
    <GROUP NAME="Dr - Online" RESERVEDNAME="">
     <PARENT TYPE="String">Sundry Debtors</PARENT>
     <CLOSINGBALANCE TYPE="Amount">14375.29</CLOSINGBALANCE>
     <OPENINGBALANCE TYPE="Amount">-26945.71</OPENINGBALANCE>
    </GROUP>
    <GROUP NAME="Dr - Pankaj Textile Agency (Panchkuva)" RESERVEDNAME="">
     <PARENT TYPE="String">Dr - Akshay B Shah</PARENT>
     <CLOSINGBALANCE TYPE="Amount">0.00</CLOSINGBALANCE>
     <OPENINGBALANCE TYPE="Amount">0.00</OPENINGBALANCE>
    </GROUP>
    <GROUP NAME="Dr - Paragbhai" RESERVEDNAME="">
     <PARENT TYPE="String">Dr - Shantilal V Prajapati</PARENT>
     <CLOSINGBALANCE TYPE="Amount"></CLOSINGBALANCE>
     <OPENINGBALANCE TYPE="Amount">0.00</OPENINGBALANCE>
    </GROUP>
    <GROUP NAME="Dr - Parshwa Enterprise" RESERVEDNAME="">
     <PARENT TYPE="String">Dr - Exports</PARENT>
     <CLOSINGBALANCE TYPE="Amount">142722.00</CLOSINGBALANCE>
     <OPENINGBALANCE TYPE="Amount">142722.00</OPENINGBALANCE>
    </GROUP>
    <GROUP NAME="Dr Parwati Tex" RESERVEDNAME="">
     <PARENT TYPE="String">Dr - Banvarilal</PARENT>
     <CLOSINGBALANCE TYPE="Amount">0.00</CLOSINGBALANCE>
     <OPENINGBALANCE TYPE="Amount">0.00</OPENINGBALANCE>
    </GROUP>
    <GROUP NAME="Dr - P K Deora (Indore)" RESERVEDNAME="">
     <PARENT TYPE="String">Dr - Hemangbhai</PARENT>
     <CLOSINGBALANCE TYPE="Amount">-1517275.00</CLOSINGBALANCE>
     <OPENINGBALANCE TYPE="Amount">-1517275.00</OPENINGBALANCE>
    </GROUP>
    <GROUP NAME="Dr Pradipbhai" RESERVEDNAME="">
     <PARENT TYPE="String">Dr - Hemangbhai</PARENT>
     <CLOSINGBALANCE TYPE="Amount">0.00</CLOSINGBALANCE>
     <OPENINGBALANCE TYPE="Amount">0.00</OPENINGBALANCE>
    </GROUP>
    <GROUP NAME="Dr - Pradip Kapadiya (A&apos;bad)" RESERVEDNAME="">
     <PARENT TYPE="String">Dr - Hemangbhai</PARENT>
     <CLOSINGBALANCE TYPE="Amount">-3281281.00</CLOSINGBALANCE>
     <OPENINGBALANCE TYPE="Amount">-3281281.00</OPENINGBALANCE>
    </GROUP>
    <GROUP NAME="Dr - PTA (A&apos;bad)" RESERVEDNAME="">
     <PARENT TYPE="String">Dr - Pankaj Textile Agency (Panchkuva)</PARENT>
     <CLOSINGBALANCE TYPE="Amount">0.00</CLOSINGBALANCE>
     <OPENINGBALANCE TYPE="Amount">0.00</OPENINGBALANCE>
    </GROUP>
    <GROUP NAME="Dr - PTA (Saurashtra)" RESERVEDNAME="">
     <PARENT TYPE="String">Dr - Pankaj Textile Agency (Panchkuva)</PARENT>
     <CLOSINGBALANCE TYPE="Amount">0.00</CLOSINGBALANCE>
     <OPENINGBALANCE TYPE="Amount">0.00</OPENINGBALANCE>
    </GROUP>
    <GROUP NAME="Dr - PTA (Surat)" RESERVEDNAME="">
     <PARENT TYPE="String">Dr - Pankaj Textile Agency (Panchkuva)</PARENT>
     <CLOSINGBALANCE TYPE="Amount">0.00</CLOSINGBALANCE>
     <OPENINGBALANCE TYPE="Amount">0.00</OPENINGBALANCE>
    </GROUP>
    <GROUP NAME="Dr - PTA (Surat Before)" RESERVEDNAME="">
     <PARENT TYPE="String">Dr - Pankaj Textile Agency (Panchkuva)</PARENT>
     <CLOSINGBALANCE TYPE="Amount">0.00</CLOSINGBALANCE>
     <OPENINGBALANCE TYPE="Amount">0.00</OPENINGBALANCE>
    </GROUP>
    <GROUP NAME="Dr - Pushpendra Bhai" RESERVEDNAME="">
     <PARENT TYPE="String">Dr - Banvarilal</PARENT>
     <CLOSINGBALANCE TYPE="Amount"></CLOSINGBALANCE>
     <OPENINGBALANCE TYPE="Amount">0.00</OPENINGBALANCE>
    </GROUP>
    <GROUP NAME="Dr - Raghani Agency" RESERVEDNAME="">
     <PARENT TYPE="String">Dr - Hemangbhai</PARENT>
     <CLOSINGBALANCE TYPE="Amount">-1977.00</CLOSINGBALANCE>
     <OPENINGBALANCE TYPE="Amount">-1977.00</OPENINGBALANCE>
    </GROUP>
    <GROUP NAME="Dr - Raj Agency" RESERVEDNAME="">
     <PARENT TYPE="String">Dr - SBS (Agents)</PARENT>
     <CLOSINGBALANCE TYPE="Amount">0.00</CLOSINGBALANCE>
     <OPENINGBALANCE TYPE="Amount">0.00</OPENINGBALANCE>
    </GROUP>
    <GROUP NAME="Dr - Rajasthan Cloth Agency" RESERVEDNAME="">
     <PARENT TYPE="String">Dr - Shantilal V Prajapati</PARENT>
     <CLOSINGBALANCE TYPE="Amount">0.00</CLOSINGBALANCE>
     <OPENINGBALANCE TYPE="Amount">0.00</OPENINGBALANCE>
    </GROUP>
    <GROUP NAME="Dr - Ramill (Kolkata)" RESERVEDNAME="">
     <PARENT TYPE="String">Dr - SBS (Agents)</PARENT>
     <CLOSINGBALANCE TYPE="Amount">0.00</CLOSINGBALANCE>
     <OPENINGBALANCE TYPE="Amount">0.00</OPENINGBALANCE>
    </GROUP>
    <GROUP NAME="Dr - Ramnivas Nareshkumar" RESERVEDNAME="">
     <PARENT TYPE="String">Dr - Hemangbhai</PARENT>
     <CLOSINGBALANCE TYPE="Amount">-14683.00</CLOSINGBALANCE>
     <OPENINGBALANCE TYPE="Amount">-14683.00</OPENINGBALANCE>
    </GROUP>
    <GROUP NAME="Dr - R.C.Khanna(Merath)" RESERVEDNAME="">
     <PARENT TYPE="String">Dr - Banvarilal</PARENT>
     <CLOSINGBALANCE TYPE="Amount">-2388396.00</CLOSINGBALANCE>
     <OPENINGBALANCE TYPE="Amount">-2388396.00</OPENINGBALANCE>
    </GROUP>
    <GROUP NAME="Dr - R K Khanna (Chennai)" RESERVEDNAME="">
     <PARENT TYPE="String">Dr - Hemangbhai</PARENT>
     <CLOSINGBALANCE TYPE="Amount">0.00</CLOSINGBALANCE>
     <OPENINGBALANCE TYPE="Amount">0.00</OPENINGBALANCE>
    </GROUP>
    <GROUP NAME="Dr - R P Patel" RESERVEDNAME="">
     <PARENT TYPE="String">Dr - Hemangbhai</PARENT>
     <CLOSINGBALANCE TYPE="Amount"></CLOSINGBALANCE>
     <OPENINGBALANCE TYPE="Amount">0.00</OPENINGBALANCE>
    </GROUP>
    <GROUP NAME="Dr - R Tarachand (Chennai)" RESERVEDNAME="">
     <PARENT TYPE="String">Dr - Hemangbhai</PARENT>
     <CLOSINGBALANCE TYPE="Amount">-3809546.00</CLOSINGBALANCE>
     <OPENINGBALANCE TYPE="Amount">-3809546.00</OPENINGBALANCE>
    </GROUP>
    <GROUP NAME="Dr Sagar Agency" RESERVEDNAME="">
     <PARENT TYPE="String">Dr - Banvarilal</PARENT>
     <CLOSINGBALANCE TYPE="Amount"></CLOSINGBALANCE>
     <OPENINGBALANCE TYPE="Amount">0.00</OPENINGBALANCE>
    </GROUP>
    <GROUP NAME="Dr - Salasar Textile Agency" RESERVEDNAME="">
     <PARENT TYPE="String">Dr - Banvarilal</PARENT>
     <CLOSINGBALANCE TYPE="Amount">-455263.00</CLOSINGBALANCE>
     <OPENINGBALANCE TYPE="Amount">-455263.00</OPENINGBALANCE>
    </GROUP>
    <GROUP NAME="Dr - Sandip B Shah" RESERVEDNAME="">
     <PARENT TYPE="String">Sundry Debtors</PARENT>
     <CLOSINGBALANCE TYPE="Amount">-1731947.00</CLOSINGBALANCE>
     <OPENINGBALANCE TYPE="Amount">-1731947.00</OPENINGBALANCE>
    </GROUP>
    <GROUP NAME="Dr - Sandip Kataria (Punjab)" RESERVEDNAME="">
     <PARENT TYPE="String">Dr - Banvarilal</PARENT>
     <CLOSINGBALANCE TYPE="Amount"></CLOSINGBALANCE>
     <OPENINGBALANCE TYPE="Amount">0.00</OPENINGBALANCE>
    </GROUP>
    <GROUP NAME="Dr - Sapna Enterprises (Punjab)" RESERVEDNAME="">
     <PARENT TYPE="String">Dr - Banvarilal</PARENT>
     <CLOSINGBALANCE TYPE="Amount">-174172.00</CLOSINGBALANCE>
     <OPENINGBALANCE TYPE="Amount">-174172.00</OPENINGBALANCE>
    </GROUP>
    <GROUP NAME="Dr - Satish Giri" RESERVEDNAME="">
     <PARENT TYPE="String">Dr - Gujarat (Local) Agents</PARENT>
     <CLOSINGBALANCE TYPE="Amount">-229590.00</CLOSINGBALANCE>
     <OPENINGBALANCE TYPE="Amount">-229590.00</OPENINGBALANCE>
    </GROUP>
    <GROUP NAME="Dr - SBS (Agents)" RESERVEDNAME="">
     <PARENT TYPE="String">Sundry Debtors</PARENT>
     <CLOSINGBALANCE TYPE="Amount">0.00</CLOSINGBALANCE>
     <OPENINGBALANCE TYPE="Amount">0.00</OPENINGBALANCE>
    </GROUP>
    <GROUP NAME="Dr - Shantilal V Prajapati" RESERVEDNAME="">
     <PARENT TYPE="String">Sundry Debtors</PARENT>
     <CLOSINGBALANCE TYPE="Amount">-2483682.00</CLOSINGBALANCE>
     <OPENINGBALANCE TYPE="Amount">-2483682.00</OPENINGBALANCE>
    </GROUP>
    <GROUP NAME="Dr - Shiv Shakti Textile Agency" RESERVEDNAME="">
     <PARENT TYPE="String">Dr - Shantilal V Prajapati</PARENT>
     <CLOSINGBALANCE TYPE="Amount">0.00</CLOSINGBALANCE>
     <OPENINGBALANCE TYPE="Amount">0.00</OPENINGBALANCE>
    </GROUP>
    <GROUP NAME="Dr - Shrikant Textiles (Satna)" RESERVEDNAME="">
     <PARENT TYPE="String">Dr - Banvarilal</PARENT>
     <CLOSINGBALANCE TYPE="Amount"></CLOSINGBALANCE>
     <OPENINGBALANCE TYPE="Amount">0.00</OPENINGBALANCE>
    </GROUP>
    <GROUP NAME="Dr - Shriyansh Textile Agency" RESERVEDNAME="">
     <PARENT TYPE="String">Dr - Banvarilal</PARENT>
     <CLOSINGBALANCE TYPE="Amount">-548832.00</CLOSINGBALANCE>
     <OPENINGBALANCE TYPE="Amount">-548832.00</OPENINGBALANCE>
    </GROUP>
    <GROUP NAME="Dr - Shruti Textile (Kanpur)" RESERVEDNAME="">
     <PARENT TYPE="String">Dr - Banvarilal</PARENT>
     <CLOSINGBALANCE TYPE="Amount">-963769.00</CLOSINGBALANCE>
     <OPENINGBALANCE TYPE="Amount">-963769.00</OPENINGBALANCE>
    </GROUP>
    <GROUP NAME="Dr - Sister Concern" RESERVEDNAME="">
     <PARENT TYPE="String">Sundry Debtors</PARENT>
     <CLOSINGBALANCE TYPE="Amount">-11148.00</CLOSINGBALANCE>
     <OPENINGBALANCE TYPE="Amount">-11148.00</OPENINGBALANCE>
    </GROUP>
    <GROUP NAME="Dr-Sondeep Textile" RESERVEDNAME="">
     <PARENT TYPE="String">Dr - Hemangbhai</PARENT>
     <CLOSINGBALANCE TYPE="Amount">0.00</CLOSINGBALANCE>
     <OPENINGBALANCE TYPE="Amount">0.00</OPENINGBALANCE>
    </GROUP>
    <GROUP NAME="Dr - Sumatichand Jain" RESERVEDNAME="">
     <PARENT TYPE="String">Sundry Debtors</PARENT>
     <CLOSINGBALANCE TYPE="Amount"></CLOSINGBALANCE>
     <OPENINGBALANCE TYPE="Amount">0.00</OPENINGBALANCE>
    </GROUP>
    <GROUP NAME="Dr - Sumatichand Jain (Delhi)" RESERVEDNAME="">
     <PARENT TYPE="String">Dr - Banvarilal</PARENT>
     <CLOSINGBALANCE TYPE="Amount"></CLOSINGBALANCE>
     <OPENINGBALANCE TYPE="Amount">0.00</OPENINGBALANCE>
    </GROUP>
    <GROUP NAME="Dr - Sumatichand Jain (Mumbai)" RESERVEDNAME="">
     <PARENT TYPE="String">Dr - Hemangbhai</PARENT>
     <CLOSINGBALANCE TYPE="Amount">-4037260.00</CLOSINGBALANCE>
     <OPENINGBALANCE TYPE="Amount">-3935327.00</OPENINGBALANCE>
    </GROUP>
    <GROUP NAME="Dr - SVP (A&apos;bad)" RESERVEDNAME="">
     <PARENT TYPE="String">Dr - Shantilal V Prajapati</PARENT>
     <CLOSINGBALANCE TYPE="Amount">-91122.00</CLOSINGBALANCE>
     <OPENINGBALANCE TYPE="Amount">-91122.00</OPENINGBALANCE>
    </GROUP>
    <GROUP NAME="Dr - SVP (North Guj.)" RESERVEDNAME="">
     <PARENT TYPE="String">Dr - Shantilal V Prajapati</PARENT>
     <CLOSINGBALANCE TYPE="Amount">-68593.00</CLOSINGBALANCE>
     <OPENINGBALANCE TYPE="Amount">-68593.00</OPENINGBALANCE>
    </GROUP>
    <GROUP NAME="Dr - Svp Rajasthan" RESERVEDNAME="">
     <PARENT TYPE="String">Dr - Shantilal V Prajapati</PARENT>
     <CLOSINGBALANCE TYPE="Amount">-110387.00</CLOSINGBALANCE>
     <OPENINGBALANCE TYPE="Amount">-110387.00</OPENINGBALANCE>
    </GROUP>
    <GROUP NAME="Dr - SVP (Saurashtra)" RESERVEDNAME="">
     <PARENT TYPE="String">Dr - Shantilal V Prajapati</PARENT>
     <CLOSINGBALANCE TYPE="Amount">-615598.00</CLOSINGBALANCE>
     <OPENINGBALANCE TYPE="Amount">-615598.00</OPENINGBALANCE>
    </GROUP>
    <GROUP NAME="Dr - Tappubhai" RESERVEDNAME="">
     <PARENT TYPE="String">Dr - Gujarat (Local) Agents</PARENT>
     <CLOSINGBALANCE TYPE="Amount">0.00</CLOSINGBALANCE>
     <OPENINGBALANCE TYPE="Amount">0.00</OPENINGBALANCE>
    </GROUP>
    <GROUP NAME="Dr - Udayrajji" RESERVEDNAME="">
     <PARENT TYPE="String">Dr - Shantilal V Prajapati</PARENT>
     <CLOSINGBALANCE TYPE="Amount"></CLOSINGBALANCE>
     <OPENINGBALANCE TYPE="Amount">0.00</OPENINGBALANCE>
    </GROUP>
    <GROUP NAME="Dr - Vaibhav Textile (Jaipur)" RESERVEDNAME="">
     <PARENT TYPE="String">Dr - Shantilal V Prajapati</PARENT>
     <CLOSINGBALANCE TYPE="Amount">-932941.00</CLOSINGBALANCE>
     <OPENINGBALANCE TYPE="Amount">-932941.00</OPENINGBALANCE>
    </GROUP>
    <GROUP NAME="Dr - Vardhman Cloth Agency (Kalupur)" RESERVEDNAME="">
     <PARENT TYPE="String">Dr - Shantilal V Prajapati</PARENT>
     <CLOSINGBALANCE TYPE="Amount">-419363.00</CLOSINGBALANCE>
     <OPENINGBALANCE TYPE="Amount">-419363.00</OPENINGBALANCE>
    </GROUP>
    <GROUP NAME="Dr - Vinod Dobariya" RESERVEDNAME="">
     <PARENT TYPE="String">Dr - SBS (Agents)</PARENT>
     <CLOSINGBALANCE TYPE="Amount"></CLOSINGBALANCE>
     <OPENINGBALANCE TYPE="Amount">0.00</OPENINGBALANCE>
    </GROUP>
    <GROUP NAME="DR - Vinubhai" RESERVEDNAME="">
     <PARENT TYPE="String">Dr - Hemangbhai</PARENT>
     <CLOSINGBALANCE TYPE="Amount"></CLOSINGBALANCE>
     <OPENINGBALANCE TYPE="Amount">0.00</OPENINGBALANCE>
    </GROUP>
    <GROUP NAME="Dr - Vipin K Shah (Nagpur)" RESERVEDNAME="">
     <PARENT TYPE="String">Dr - Hemangbhai</PARENT>
     <CLOSINGBALANCE TYPE="Amount">0.00</CLOSINGBALANCE>
     <OPENINGBALANCE TYPE="Amount">0.00</OPENINGBALANCE>
    </GROUP>
    <GROUP NAME="Duties &amp; Taxes" RESERVEDNAME="Duties &amp; Taxes">
     <PARENT TYPE="String">Current Liabilities</PARENT>
     <CLOSINGBALANCE TYPE="Amount">826985.83</CLOSINGBALANCE>
     <OPENINGBALANCE TYPE="Amount">819263.00</OPENINGBALANCE>
    </GROUP>
    <GROUP NAME="Fixed Assets" RESERVEDNAME="Fixed Assets">
     <PARENT TYPE="String">&#4; Primary</PARENT>
     <CLOSINGBALANCE TYPE="Amount">-4744560.00</CLOSINGBALANCE>
     <OPENINGBALANCE TYPE="Amount">-4556649.00</OPENINGBALANCE>
    </GROUP>
    <GROUP NAME="Fixed Assets (15%)" RESERVEDNAME="">
     <PARENT TYPE="String">Fixed Assets</PARENT>
     <CLOSINGBALANCE TYPE="Amount">-1499459.00</CLOSINGBALANCE>
     <OPENINGBALANCE TYPE="Amount">-1311548.00</OPENINGBALANCE>
    </GROUP>
    <GROUP NAME="Fixed Assets (60%)" RESERVEDNAME="">
     <PARENT TYPE="String">Fixed Assets</PARENT>
     <CLOSINGBALANCE TYPE="Amount">-62110.00</CLOSINGBALANCE>
     <OPENINGBALANCE TYPE="Amount">-62110.00</OPENINGBALANCE>
    </GROUP>
    <GROUP NAME="Fixed Assets @ 10%" RESERVEDNAME="">
     <PARENT TYPE="String">Fixed Assets</PARENT>
     <CLOSINGBALANCE TYPE="Amount">-3182991.00</CLOSINGBALANCE>
     <OPENINGBALANCE TYPE="Amount">-3182991.00</OPENINGBALANCE>
    </GROUP>
    <GROUP NAME="GHANSHYAM Depo Group" RESERVEDNAME="">
     <PARENT TYPE="String">Other Loans Group</PARENT>
     <CLOSINGBALANCE TYPE="Amount"></CLOSINGBALANCE>
     <OPENINGBALANCE TYPE="Amount">0.00</OPENINGBALANCE>
    </GROUP>
    <GROUP NAME="GULECHA Depo Group" RESERVEDNAME="">
     <PARENT TYPE="String">Other Loans Group</PARENT>
     <CLOSINGBALANCE TYPE="Amount">0.00</CLOSINGBALANCE>
     <OPENINGBALANCE TYPE="Amount">0.00</OPENINGBALANCE>
    </GROUP>
    <GROUP NAME="Indirect Expenses" RESERVEDNAME="Indirect Expenses">
     <PARENT TYPE="String">&#4; Primary</PARENT>
     <CLOSINGBALANCE TYPE="Amount">-45235.63</CLOSINGBALANCE>
     <OPENINGBALANCE TYPE="Amount">0.00</OPENINGBALANCE>
    </GROUP>
    <GROUP NAME="Indirect Incomes" RESERVEDNAME="Indirect Incomes">
     <PARENT TYPE="String">&#4; Primary</PARENT>
     <CLOSINGBALANCE TYPE="Amount"></CLOSINGBALANCE>
     <OPENINGBALANCE TYPE="Amount">0.00</OPENINGBALANCE>
    </GROUP>
    <GROUP NAME="Interest Exps. (Group)" RESERVEDNAME="">
     <PARENT TYPE="String">Indirect Expenses</PARENT>
     <CLOSINGBALANCE TYPE="Amount"></CLOSINGBALANCE>
     <OPENINGBALANCE TYPE="Amount">0.00</OPENINGBALANCE>
    </GROUP>
    <GROUP NAME="Investments" RESERVEDNAME="Investments">
     <PARENT TYPE="String">&#4; Primary</PARENT>
     <CLOSINGBALANCE TYPE="Amount">-40500.00</CLOSINGBALANCE>
     <OPENINGBALANCE TYPE="Amount">-40500.00</OPENINGBALANCE>
    </GROUP>
    <GROUP NAME="JITU Depo Group" RESERVEDNAME="">
     <PARENT TYPE="String">Other Loans Group</PARENT>
     <CLOSINGBALANCE TYPE="Amount">279000.00</CLOSINGBALANCE>
     <OPENINGBALANCE TYPE="Amount">279000.00</OPENINGBALANCE>
    </GROUP>
    <GROUP NAME="KABARA Depo Group" RESERVEDNAME="">
     <PARENT TYPE="String">Other Loans Group</PARENT>
     <CLOSINGBALANCE TYPE="Amount">0.00</CLOSINGBALANCE>
     <OPENINGBALANCE TYPE="Amount">0.00</OPENINGBALANCE>
    </GROUP>
    <GROUP NAME="KIRITBHAI Depo Group" RESERVEDNAME="">
     <PARENT TYPE="String">Other Loans Group</PARENT>
     <CLOSINGBALANCE TYPE="Amount">700000.00</CLOSINGBALANCE>
     <OPENINGBALANCE TYPE="Amount">700000.00</OPENINGBALANCE>
    </GROUP>
    <GROUP NAME="Loans &amp; Advances (Asset)" RESERVEDNAME="Loans &amp; Advances (Asset)">
     <PARENT TYPE="String">Current Assets</PARENT>
     <CLOSINGBALANCE TYPE="Amount">-653217.24</CLOSINGBALANCE>
     <OPENINGBALANCE TYPE="Amount">-653217.24</OPENINGBALANCE>
    </GROUP>
    <GROUP NAME="Loans (Liability)" RESERVEDNAME="Loans (Liability)">
     <PARENT TYPE="String">&#4; Primary</PARENT>
     <CLOSINGBALANCE TYPE="Amount">86226558.09</CLOSINGBALANCE>
     <OPENINGBALANCE TYPE="Amount">85738647.09</OPENINGBALANCE>
    </GROUP>
    <GROUP NAME="Loan to Staff." RESERVEDNAME="">
     <PARENT TYPE="String">Loans &amp; Advances (Asset)</PARENT>
     <CLOSINGBALANCE TYPE="Amount">-173750.00</CLOSINGBALANCE>
     <OPENINGBALANCE TYPE="Amount">-173750.00</OPENINGBALANCE>
    </GROUP>
    <GROUP NAME="Mansawala Group" RESERVEDNAME="">
     <PARENT TYPE="String">Unsecured Loans</PARENT>
     <CLOSINGBALANCE TYPE="Amount">42501141.60</CLOSINGBALANCE>
     <OPENINGBALANCE TYPE="Amount">42501141.60</OPENINGBALANCE>
    </GROUP>
    <GROUP NAME="Miscellanous Exp." RESERVEDNAME="">
     <PARENT TYPE="String">Indirect Expenses</PARENT>
     <CLOSINGBALANCE TYPE="Amount"></CLOSINGBALANCE>
     <OPENINGBALANCE TYPE="Amount">0.00</OPENINGBALANCE>
    </GROUP>
    <GROUP NAME="Misc. Expenses (ASSET)" RESERVEDNAME="Misc. Expenses (ASSET)">
     <PARENT TYPE="String">&#4; Primary</PARENT>
     <CLOSINGBALANCE TYPE="Amount"></CLOSINGBALANCE>
     <OPENINGBALANCE TYPE="Amount"></OPENINGBALANCE>
    </GROUP>
    <GROUP NAME="Nalinbhai Group" RESERVEDNAME="">
     <PARENT TYPE="String">Other Loans Group</PARENT>
     <CLOSINGBALANCE TYPE="Amount"></CLOSINGBALANCE>
     <OPENINGBALANCE TYPE="Amount">0.00</OPENINGBALANCE>
    </GROUP>
    <GROUP NAME="NIRAV Depo Group" RESERVEDNAME="">
     <PARENT TYPE="String">Other Loans Group</PARENT>
     <CLOSINGBALANCE TYPE="Amount"></CLOSINGBALANCE>
     <OPENINGBALANCE TYPE="Amount">0.00</OPENINGBALANCE>
    </GROUP>
    <GROUP NAME="Other Loans Group" RESERVEDNAME="">
     <PARENT TYPE="String">Unsecured Loans</PARENT>
     <CLOSINGBALANCE TYPE="Amount">12813560.00</CLOSINGBALANCE>
     <OPENINGBALANCE TYPE="Amount">12813560.00</OPENINGBALANCE>
    </GROUP>
    <GROUP NAME="Provisions" RESERVEDNAME="Provisions">
     <PARENT TYPE="String">Current Liabilities</PARENT>
     <CLOSINGBALANCE TYPE="Amount">5000.00</CLOSINGBALANCE>
     <OPENINGBALANCE TYPE="Amount">5000.00</OPENINGBALANCE>
    </GROUP>
    <GROUP NAME="Purchase Accounts" RESERVEDNAME="Purchase Accounts">
     <PARENT TYPE="String">&#4; Primary</PARENT>
     <CLOSINGBALANCE TYPE="Amount">0.00</CLOSINGBALANCE>
     <OPENINGBALANCE TYPE="Amount">0.00</OPENINGBALANCE>
    </GROUP>
    <GROUP NAME="Rent, Rates &amp; Taxes" RESERVEDNAME="">
     <PARENT TYPE="String">Indirect Expenses</PARENT>
     <CLOSINGBALANCE TYPE="Amount"></CLOSINGBALANCE>
     <OPENINGBALANCE TYPE="Amount">0.00</OPENINGBALANCE>
    </GROUP>
    <GROUP NAME="Reserves &amp; Surplus" RESERVEDNAME="Reserves &amp; Surplus">
     <PARENT TYPE="String">Capital Account</PARENT>
     <CLOSINGBALANCE TYPE="Amount"></CLOSINGBALANCE>
     <OPENINGBALANCE TYPE="Amount"></OPENINGBALANCE>
    </GROUP>
    <GROUP NAME="Salary Group" RESERVEDNAME="">
     <PARENT TYPE="String">Indirect Expenses</PARENT>
     <CLOSINGBALANCE TYPE="Amount">0.00</CLOSINGBALANCE>
     <OPENINGBALANCE TYPE="Amount">0.00</OPENINGBALANCE>
    </GROUP>
    <GROUP NAME="Sales Accounts" RESERVEDNAME="Sales Accounts">
     <PARENT TYPE="String">&#4; Primary</PARENT>
     <CLOSINGBALANCE TYPE="Amount">149943.13</CLOSINGBALANCE>
     <OPENINGBALANCE TYPE="Amount">0.00</OPENINGBALANCE>
    </GROUP>
    <GROUP NAME="Se" RESERVEDNAME="">
     <PARENT TYPE="String">4 Purchase (Taxfree)</PARENT>
     <CLOSINGBALANCE TYPE="Amount"></CLOSINGBALANCE>
     <OPENINGBALANCE TYPE="Amount"></OPENINGBALANCE>
    </GROUP>
    <GROUP NAME="Secured Loans" RESERVEDNAME="Secured Loans">
     <PARENT TYPE="String">Loans (Liability)</PARENT>
     <CLOSINGBALANCE TYPE="Amount">41216.79</CLOSINGBALANCE>
     <OPENINGBALANCE TYPE="Amount">41216.79</OPENINGBALANCE>
    </GROUP>
    <GROUP NAME="Selling &amp; Distribution Exps." RESERVEDNAME="">
     <PARENT TYPE="String">Indirect Expenses</PARENT>
     <CLOSINGBALANCE TYPE="Amount">-45235.63</CLOSINGBALANCE>
     <OPENINGBALANCE TYPE="Amount">0.00</OPENINGBALANCE>
    </GROUP>
    <GROUP NAME="Staff Loan" RESERVEDNAME="">
     <PARENT TYPE="String">Deposits (Asset)</PARENT>
     <CLOSINGBALANCE TYPE="Amount"></CLOSINGBALANCE>
     <OPENINGBALANCE TYPE="Amount"></OPENINGBALANCE>
    </GROUP>
    <GROUP NAME="Stock-in-hand" RESERVEDNAME="Stock-in-hand">
     <PARENT TYPE="String">Current Assets</PARENT>
     <CLOSINGBALANCE TYPE="Amount">-68433894.00</CLOSINGBALANCE>
     <OPENINGBALANCE TYPE="Amount">-68433894.00</OPENINGBALANCE>
    </GROUP>
    <GROUP NAME="SUDHIR DEPO GROUP" RESERVEDNAME="">
     <PARENT TYPE="String">Other Loans Group</PARENT>
     <CLOSINGBALANCE TYPE="Amount">2000000.00</CLOSINGBALANCE>
     <OPENINGBALANCE TYPE="Amount">2000000.00</OPENINGBALANCE>
    </GROUP>
    <GROUP NAME="Sundry Creditors" RESERVEDNAME="Sundry Creditors">
     <PARENT TYPE="String">Current Liabilities</PARENT>
     <CLOSINGBALANCE TYPE="Amount">$ 496.52 @ ? 52297.9915/$  = ? 25966998.75</CLOSINGBALANCE>
     <OPENINGBALANCE TYPE="Amount">$ 496.52 @ ? 61429.9278/$  = ? 30501187.75</OPENINGBALANCE>
    </GROUP>
    <GROUP NAME="Sundry Debtors" RESERVEDNAME="Sundry Debtors">
     <PARENT TYPE="String">Current Assets</PARENT>
     <CLOSINGBALANCE TYPE="Amount">-$ 1150.22 @ ? 42369.6834/$  = -? 48734457.28</CLOSINGBALANCE>
     <OPENINGBALANCE TYPE="Amount">-$ 1150.22 @ ? 42273.7712/$  = -? 48624137.08</OPENINGBALANCE>
    </GROUP>
    <GROUP NAME="Suspense A/c" RESERVEDNAME="Suspense A/c">
     <PARENT TYPE="String">&#4; Primary</PARENT>
     <CLOSINGBALANCE TYPE="Amount"></CLOSINGBALANCE>
     <OPENINGBALANCE TYPE="Amount"></OPENINGBALANCE>
    </GROUP>
    <GROUP NAME="TDS" RESERVEDNAME="">
     <PARENT TYPE="String">Duties &amp; Taxes</PARENT>
     <CLOSINGBALANCE TYPE="Amount">825785.83</CLOSINGBALANCE>
     <OPENINGBALANCE TYPE="Amount">819263.00</OPENINGBALANCE>
    </GROUP>
    <GROUP NAME="Unsecured Loans" RESERVEDNAME="Unsecured Loans">
     <PARENT TYPE="String">Loans (Liability)</PARENT>
     <CLOSINGBALANCE TYPE="Amount">55316120.60</CLOSINGBALANCE>
     <OPENINGBALANCE TYPE="Amount">55316120.60</OPENINGBALANCE>
    </GROUP>
    <GROUP NAME="VAT" RESERVEDNAME="">
     <PARENT TYPE="String">Duties &amp; Taxes</PARENT>
     <CLOSINGBALANCE TYPE="Amount">0.00</CLOSINGBALANCE>
     <OPENINGBALANCE TYPE="Amount">0.00</OPENINGBALANCE>
    </GROUP>
    <GROUP NAME="Vicky Depo Group" RESERVEDNAME="">
     <PARENT TYPE="String">Other Loans Group</PARENT>
     <CLOSINGBALANCE TYPE="Amount">5800000.00</CLOSINGBALANCE>
     <OPENINGBALANCE TYPE="Amount">5800000.00</OPENINGBALANCE>
    </GROUP>
    <GROUP NAME="VISHAL Depo Group" RESERVEDNAME="">
     <PARENT TYPE="String">Other Loans Group</PARENT>
     <CLOSINGBALANCE TYPE="Amount">2600000.00</CLOSINGBALANCE>
     <OPENINGBALANCE TYPE="Amount">2600000.00</OPENINGBALANCE>
    </GROUP>
   </COLLECTION>
  </DATA>
 </BODY>
</ENVELOPE>

===========================
Create voucher xml
===========================
    <ENVELOPE>
        <HEADER>
        <TALLYREQUEST>Import Data</TALLYREQUEST>
        </HEADER>
        <BODY>
        <IMPORTDATA>
        <REQUESTDESC>
        <REPORTNAME>All Masters</REPORTNAME>
        <STATICVARIABLES>
        <SVCURRENTCOMPANY>PYROTECH ENGINEERS 2015-16</SVCURRENTCOMPANY>
        </STATICVARIABLES>
        </REQUESTDESC>
        <REQUESTDATA>
        <TALLYMESSAGE xmlns:UDF="TallyUDF">
        <VOUCHER VCHTYPE="Sales of Job Work" ACTION="Create">
        <DATE>20151001</DATE>
        <PARTYNAME>PAVANI ENGINEERS</PARTYNAME>
        <VOUCHERTYPENAME>Sales of Job Work</VOUCHERTYPENAME>
        <VOUCHERNUMBER>1</VOUCHERNUMBER>
        <REFERENCE>666</REFERENCE>
        <PARTYLEDGERNAME>PAVANI ENGINEERS</PARTYLEDGERNAME>
        <BASICBASEPARTYNAME>PAVANI ENGINEERS</BASICBASEPARTYNAME>
        <FBTPAYMENTTYPE>Default</FBTPAYMENTTYPE>
        <PERSISTEDVIEW>Invoice Voucher View</PERSISTEDVIEW>
        <BASICBUYERNAME>PAVANI ENGINEERS</BASICBUYERNAME>
        <LEDGERENTRIES.LIST>
        <LEDGERNAME>PAVANI ENGINEERS</LEDGERNAME>
        <ISDEEMEDPOSITIVE>Yes</ISDEEMEDPOSITIVE>
        <LEDGERFROMITEM>No</LEDGERFROMITEM>
        <REMOVEZEROENTRIES>No</REMOVEZEROENTRIES>
        <ISPARTYLEDGER>Yes</ISPARTYLEDGER>                        
        <ISLASTDEEMEDPOSITIVE>Yes</ISLASTDEEMEDPOSITIVE>
        <AMOUNT>-193.20</AMOUNT>
        </LEDGERENTRIES.LIST>
        <ALLINVENTORYENTRIES.LIST>
        <STOCKITEMNAME>MY ITEM1</STOCKITEMNAME>
        <ISDEEMEDPOSITIVE>No</ISDEEMEDPOSITIVE>
        <ISLASTDEEMEDPOSITIVE>No</ISLASTDEEMEDPOSITIVE>
        <ISAUTONEGATE>No</ISAUTONEGATE>
        <ISCUSTOMSCLEARANCE>No</ISCUSTOMSCLEARANCE>
        <ISTRACKCOMPONENT>No</ISTRACKCOMPONENT>
        <ISTRACKPRODUCTION>No</ISTRACKPRODUCTION>
        <ISPRIMARYITEM>No</ISPRIMARYITEM>
        <ISSCRAP>No</ISSCRAP>
        <RATE>21.00/KGS</RATE>
        <AMOUNT>193.20</AMOUNT>
        <ACTUALQTY> 9.200 KGS =  50.00 QTY</ACTUALQTY>
        <BILLEDQTY> 9.200 KGS =  50.00 QTY</BILLEDQTY>
        <BATCHALLOCATIONS.LIST>
        <GODOWNNAME>Main Location</GODOWNNAME>
        <BATCHNAME>Primary Batch</BATCHNAME>
        <DESTINATIONGODOWNNAME>Main Location</DESTINATIONGODOWNNAME>
        <INDENTNO/>
        <ORDERNO/>
        <TRACKINGNUMBER/>
        <DYNAMICCSTISCLEARED>No</DYNAMICCSTISCLEARED>
        <AMOUNT>193.20</AMOUNT>
        <ACTUALQTY> 9.200 KGS =  50.00 QTY</ACTUALQTY>
        <BILLEDQTY> 9.200 KGS =  50.00 QTY</BILLEDQTY>
        <ADDITIONALDETAILS.LIST> </ADDITIONALDETAILS.LIST>
        <VOUCHERCOMPONENTLIST.LIST> </VOUCHERCOMPONENTLIST.LIST>
        </BATCHALLOCATIONS.LIST>
        <ACCOUNTINGALLOCATIONS.LIST>
        <OLDAUDITENTRYIDS.LIST TYPE="Number">
        <OLDAUDITENTRYIDS>-1</OLDAUDITENTRYIDS>
        </OLDAUDITENTRYIDS.LIST>
        <LEDGERNAME>LABOUR CHARGES RECEIVED</LEDGERNAME>
        <GSTCLASS/>
        <ISDEEMEDPOSITIVE>No</ISDEEMEDPOSITIVE>
        <LEDGERFROMITEM>No</LEDGERFROMITEM>
        <REMOVEZEROENTRIES>No</REMOVEZEROENTRIES>
        <ISPARTYLEDGER>No</ISPARTYLEDGER>
        <ISLASTDEEMEDPOSITIVE>No</ISLASTDEEMEDPOSITIVE>
        <AMOUNT>193.20</AMOUNT>
        <BANKALLOCATIONS.LIST> </BANKALLOCATIONS.LIST>
        <BILLALLOCATIONS.LIST> </BILLALLOCATIONS.LIST>
        <INTERESTCOLLECTION.LIST> </INTERESTCOLLECTION.LIST>
        <OLDAUDITENTRIES.LIST> </OLDAUDITENTRIES.LIST>
        <ACCOUNTAUDITENTRIES.LIST> </ACCOUNTAUDITENTRIES.LIST>
        <AUDITENTRIES.LIST> </AUDITENTRIES.LIST>
        <TAXBILLALLOCATIONS.LIST> </TAXBILLALLOCATIONS.LIST>
        <TAXOBJECTALLOCATIONS.LIST> </TAXOBJECTALLOCATIONS.LIST>
        <TDSEXPENSEALLOCATIONS.LIST> </TDSEXPENSEALLOCATIONS.LIST>
        <VATSTATUTORYDETAILS.LIST> </VATSTATUTORYDETAILS.LIST>
        <COSTTRACKALLOCATIONS.LIST> </COSTTRACKALLOCATIONS.LIST>
        </ACCOUNTINGALLOCATIONS.LIST>
        <TAXOBJECTALLOCATIONS.LIST> </TAXOBJECTALLOCATIONS.LIST>
        <EXCISEALLOCATIONS.LIST> </EXCISEALLOCATIONS.LIST>
        <EXPENSEALLOCATIONS.LIST> </EXPENSEALLOCATIONS.LIST>
        </ALLINVENTORYENTRIES.LIST>
        </VOUCHER>
        </TALLYMESSAGE>
        </REQUESTDATA>
        </IMPORTDATA>
        </BODY>
        </ENVELOPE>

===============
Group create
==============
<ENVELOPE><HEADER><TALLYREQUEST>Import Data</TALLYREQUEST></HEADER><BODY><IMPORTDATA><REQUESTDESC><REPORTNAME>All Masters</REPORTNAME></REQUESTDESC><REQUESTDATA><TALLYMESSAGE xmlns:UDF='TallyUDF'><GROUP NAME='My Debtors' ACTION='Create'><NAME.LIST><NAME>My Debtors</NAME></NAME.LIST><PARENT>Sundry Debtors</PARENT><ISSUBLEDGER>No</ISSUBLEDGER><ISBILLWISEON>No</ISBILLWISEON><ISCOSTCENTRESON>No</ISCOSTCENTRESON></GROUP></TALLYMESSAGE></REQUESTDATA></IMPORTDATA></BODY></ENVELOPE>

===============
Get Units
==============
<ENVELOPE>
    <HEADER>
        <VERSION>1</VERSION>
        <TALLYREQUEST>EXPORT</TALLYREQUEST>
        <TYPE>COLLECTION</TYPE>
        <ID>Collection of Ledgers</ID>
    </HEADER>
    <BODY>
        <DESC>
            <STATICVARIABLES>
                <SVCURRENTCOMPANY>M.Bharatkumar 2017-18</SVCURRENTCOMPANY>
            </STATICVARIABLES>
            <TDL>
                <TDLMESSAGE>
                    <COLLECTION NAME="Collection of Ledgers" ISMODIFY="No" ISFIXED="No" ISINITIALIZE="No" ISOPTION="No" ISINTERNAL="No">
                        <TYPE>Unit</TYPE>
                    </COLLECTION>
                   <SYSTEM TYPE="Formulae" NAME="MYFILTER" ISMOIFY="NO" ISFIXED="NO" ISINTERNAL="NO">$NAME = "Cambric 60 Fabrics 26045"</SYSTEM>
                </TDLMESSAGE>
            </TDL>
        </DESC>
    </BODY>
</ENVELOPE>

===========
Some more
==========
<!-- XML tags to create Sales Voucher -->
<!-- It also creates the following -->
<!-- A Stock Group named "Spares" -->
<!-- A Stock Item  named "My Item1" -->
<!-- A Ledger named "Cash" if it does not exist -->
<!-- A Ledger named "Sale of Spares @4%" -->
<!-- A Ledger named "VAT Output @4%" -->

<ENVELOPE>
<HEADER>
<TALLYREQUEST>Import Data</TALLYREQUEST>
</HEADER>
<BODY>
<IMPORTDATA>
<REQUESTDESC>
<REPORTNAME>All Masters</REPORTNAME>
</REQUESTDESC>
<REQUESTDATA>

<!-- Create UNIT named "Nos" -->
<TALLYMESSAGE xmlns:UDF="TallyUDF">
 <UNIT NAME="Nos" ACTION="CREATE">
  <NAME>Nos</NAME>
  <ISSIMPLEUNIT>Yes</ISSIMPLEUNIT>
  <FORPAYROLL>No</FORPAYROLL>
 </UNIT>
</TALLYMESSAGE>

<!-- Create Stock Group named "Spares" -->
<TALLYMESSAGE xmlns:UDF="TallyUDF">
<STOCKGROUP NAME="SPARES" ACTION="Create">
<NAME.LIST>
<NAME>SPARES</NAME>
</NAME.LIST>
<PARENT/>
<ISADDABLE>Yes</ISADDABLE>
</STOCKGROUP>
</TALLYMESSAGE>

<!-- Create Stock Item named "My Item1" -->
<TALLYMESSAGE xmlns:UDF="TallyUDF">
<STOCKITEM NAME="MY ITEM1" ACTION="Create">
<NAME.LIST>
<NAME>MY ITEM1</NAME>
</NAME.LIST>
<ADDITIONALNAME.LIST>
<ADDITIONALNAME>0010817824</ADDITIONALNAME>
</ADDITIONALNAME.LIST>
<PARENT>SPARES</PARENT>
<BASEUNITS>NOS</BASEUNITS>
<OPENINGBALANCE>0.000 NOS</OPENINGBALANCE>
<OPENINGVALUE>0.000</OPENINGVALUE>
<OPENINGRATE>0.000/NOS</OPENINGRATE>
<BATCHALLOCATIONS.LIST>
<NAME>Primary Batch</NAME>
<BATCHNAME>Primary Batch</BATCHNAME>
<GODOWNNAME>Main Location</GODOWNNAME>
<MFDON>20070331</MFDON>
<OPENINGBALANCE>0.000 NOS</OPENINGBALANCE>
<OPENINGVALUE>0.000</OPENINGVALUE>
<OPENINGRATE>0.000/NOS</OPENINGRATE>
</BATCHALLOCATIONS.LIST>
<STANDARDPRICELIST.LIST>
<RATE>100.000</RATE>
<DATE>20070401</DATE>
</STANDARDPRICELIST.LIST>
<STANDARDCOSTLIST.LIST>
<RATE>80.000</RATE>
<DATE>20070401</DATE>
</STANDARDCOSTLIST.LIST>
<REORDERBASE>0.000</REORDERBASE>
<MINIMUMORDERBASE>0.000</MINIMUMORDERBASE>
</STOCKITEM>
</TALLYMESSAGE>

<!-- Create Ledger named "Cash" if it does not exist -->
<TALLYMESSAGE xmlns:UDF="TallyUDF">
<LEDGER NAME="CASH" ACTION="Create">
<NAME.LIST>
<NAME>CASH</NAME>
</NAME.LIST>
<PARENT>Cash-in-hand</PARENT>
<ISBILLWISEON>No</ISBILLWISEON>
<AFFECTSSTOCK>No</AFFECTSSTOCK>
<OPENINGBALANCE>0</OPENINGBALANCE>
<USEFORVAT>No </USEFORVAT>
<TAXCLASSIFICATIONNAME/>
<TAXTYPE/>
<RATEOFTAXCALCULATION/>
</LEDGER>
</TALLYMESSAGE>

<!-- Create Ledger named "Sale of Spares @4%" -->
<TALLYMESSAGE xmlns:UDF="TallyUDF">
<LEDGER NAME="SALE OF SPARES @4%" ACTION="Create">
<NAME.LIST>
<NAME>SALE OF SPARES @4%</NAME>
</NAME.LIST>
<PARENT>Sales Accounts</PARENT>
<ISBILLWISEON>No</ISBILLWISEON>
<AFFECTSSTOCK>Yes</AFFECTSSTOCK>
<OPENINGBALANCE>0</OPENINGBALANCE>
<USEFORVAT>Yes</USEFORVAT>
<TAXCLASSIFICATIONNAME>Sales @ 4%</TAXCLASSIFICATIONNAME>
</LEDGER>
</TALLYMESSAGE>

<!-- Create Ledger named "VAT Output @4%" -->
<TALLYMESSAGE xmlns:UDF="TallyUDF">
<LEDGER NAME="VAT OUTPUT 4%" ACTION="Create">
<NAME.LIST>
<NAME>VAT OUTPUT 4%</NAME>
</NAME.LIST>
<PARENT>Duties &amp; Taxes</PARENT>
<ISBILLWISEON>No</ISBILLWISEON>
<AFFECTSSTOCK>No</AFFECTSSTOCK>
<OPENINGBALANCE>0</OPENINGBALANCE>
<USEFORVAT>Yes</USEFORVAT>
<TAXCLASSIFICATIONNAME>Output VAT @ 4%</TAXCLASSIFICATIONNAME>
<TAXTYPE>VAT</TAXTYPE>
<RATEOFTAXCALCULATION>4.00</RATEOFTAXCALCULATION>
</LEDGER>
</TALLYMESSAGE>

<!-- Create Sales Voucher -->
<TALLYMESSAGE xmlns:UDF="TallyUDF">
<VOUCHER REMOTEID="6593251k-803u-731g-953p-597825398422-I0000001" VCHTYPE="Sales" ACTION="Create">
<ISOPTIONAL>No</ISOPTIONAL>
<USEFORGAINLOSS>No</USEFORGAINLOSS>
<USEFORCOMPOUND>No</USEFORCOMPOUND>
<VOUCHERTYPENAME>Sales</VOUCHERTYPENAME>
<DATE>20170701</DATE>
<EFFECTIVEDATE>20170701</EFFECTIVEDATE>
<ISCANCELLED>No</ISCANCELLED>
<USETRACKINGNUMBER>No</USETRACKINGNUMBER>
<ISPOSTDATED>No</ISPOSTDATED>
<ISINVOICE>Yes</ISINVOICE>
<DIFFACTUALQTY>No</DIFFACTUALQTY>
<ASPAYSLIP>No</ASPAYSLIP>
<GUID>6593251k-803u-731g-953p-597825398422-I0000001</GUID>
<REFERENCE>S1000</REFERENCE>
<PARTYLEDGERNAME>CASH</PARTYLEDGERNAME>
<NARRATION/>
<LEDGERENTRIES.LIST>
<REMOVEZEROENTRIES>No</REMOVEZEROENTRIES>
<ISDEEMEDPOSITIVE>Yes</ISDEEMEDPOSITIVE>
<LEDGERFROMITEM>No</LEDGERFROMITEM>
<LEDGERNAME>CASH</LEDGERNAME>
<AMOUNT>-100.00</AMOUNT>
</LEDGERENTRIES.LIST>
<ALLINVENTORYENTRIES.LIST>
<ISDEEMEDPOSITIVE>No</ISDEEMEDPOSITIVE>
<STOCKITEMNAME>MY ITEM1</STOCKITEMNAME>
<AMOUNT>96.150</AMOUNT>
<ACTUALQTY>1.000</ACTUALQTY>
<BILLEDQTY>1.000</BILLEDQTY>
<RATE>96.150</RATE>
<ACCOUNTINGALLOCATIONS.LIST>
<REMOVEZEROENTRIES>No</REMOVEZEROENTRIES>
<ISDEEMEDPOSITIVE>No</ISDEEMEDPOSITIVE>
<LEDGERFROMITEM>No</LEDGERFROMITEM>
<TAXCLASSIFICATIONNAME/>
<LEDGERNAME>SALE OF SPARES @4%</LEDGERNAME>
<AMOUNT>96.15</AMOUNT>
</ACCOUNTINGALLOCATIONS.LIST>
<BATCHALLOCATIONS.LIST>
<TRACKINGNUMBER/>
<BATCHNAME>Primary Batch</BATCHNAME>
<GODOWNNAME>Main Location</GODOWNNAME>
<MFDON>20070401</MFDON>
<EXPIRYPERIOD/>
<AMOUNT>96.150</AMOUNT>
<ACTUALQTY>1.000</ACTUALQTY>
<BILLEDQTY>1.000</BILLEDQTY>
<ORDERNO/>
</BATCHALLOCATIONS.LIST>
</ALLINVENTORYENTRIES.LIST>
<LEDGERENTRIES.LIST>
<REMOVEZEROENTRIES>No</REMOVEZEROENTRIES>
<ISDEEMEDPOSITIVE>No</ISDEEMEDPOSITIVE>
<LEDGERFROMITEM>No</LEDGERFROMITEM>
<LEDGERNAME>VAT OUTPUT 4%</LEDGERNAME>
<TAXCLASSIFICATIONNAME>Output VAT @ 4%</TAXCLASSIFICATIONNAME>
<UDF:RATEOFINVOICETAX.LIST DESC="'RATEOFINVOICETAX`" ISLIST="YES">
<UDF:RATEOFINVOICETAX DESC="`RATEOFINVOICETAX`">4.000</UDF:RATEOFINVOICETAX>
</UDF:RATEOFINVOICETAX.LIST>
<AMOUNT>3.85</AMOUNT>
<VATASSESSABLEVALUE>96.15</VATASSESSABLEVALUE>
</LEDGERENTRIES.LIST>
<INVOICEDELNOTES.LIST/>
</VOUCHER>
</TALLYMESSAGE>
</REQUESTDATA>
</IMPORTDATA>
</BODY>
</ENVELOPE>

=====================
Create Sales Order
Create voucher
=====================
<ENVELOPE>
    <HEADER>
        <VERSION>1</VERSION>
        <TALLYREQUEST>IMPORT</TALLYREQUEST>
        <TYPE>DATA</TYPE>
        <ID>All Masters</ID>
    </HEADER>
    <BODY>
        <DESC>
            <STATICVARIABLES>
                <IMPORTDUPS>@@DUPCOMBINE</IMPORTDUPS>
                <SVCURRENTCOMPANY>M.Bharatkumar 2017-18</SVCURRENTCOMPANY>
            </STATICVARIABLES>
        </DESC>
        <DATA>
            <TALLYMESSAGE xmlns:UDF="TallyUDF">
            <VOUCHER REMOTEID="6593251k-803u-731g-953p-597825398422-I0000001" VCHTYPE="Sales Order" ACTION="Create">
            <ISOPTIONAL>No</ISOPTIONAL>
            <USEFORGAINLOSS>No</USEFORGAINLOSS>
            <USEFORCOMPOUND>No</USEFORCOMPOUND>
            <VOUCHERTYPENAME>Sales Order</VOUCHERTYPENAME>
            <DATE>20170701</DATE>
            <EFFECTIVEDATE>20170701</EFFECTIVEDATE>
            <ISCANCELLED>No</ISCANCELLED>
            <USETRACKINGNUMBER>No</USETRACKINGNUMBER>
            <ISPOSTDATED>No</ISPOSTDATED>
            <ISINVOICE>Yes</ISINVOICE>
            <DIFFACTUALQTY>No</DIFFACTUALQTY>
            <ASPAYSLIP>No</ASPAYSLIP>
            <GUID>6593251k-803u-731g-953p-597825398422-I0000001</GUID>
            <REFERENCE>S1000</REFERENCE>
            <PARTYLEDGERNAME>Komal Textile (Kolkatta)</PARTYLEDGERNAME>
            <NARRATION/>
            <LEDGERENTRIES.LIST>
            <REMOVEZEROENTRIES>No</REMOVEZEROENTRIES>
            <ISDEEMEDPOSITIVE>Yes</ISDEEMEDPOSITIVE>
            <LEDGERFROMITEM>No</LEDGERFROMITEM>
            <LEDGERNAME>Cash-in-hand</LEDGERNAME>
            <AMOUNT>-100.00</AMOUNT>
            </LEDGERENTRIES.LIST>
            <ALLINVENTORYENTRIES.LIST>
            <ISDEEMEDPOSITIVE>No</ISDEEMEDPOSITIVE>
            <STOCKITEMNAME>MY ITEM1</STOCKITEMNAME>
            <AMOUNT>96.150</AMOUNT>
            <ACTUALQTY>1.000</ACTUALQTY>
            <BILLEDQTY>1.000</BILLEDQTY>
            <RATE>96.150</RATE>
            <ACCOUNTINGALLOCATIONS.LIST>
            <REMOVEZEROENTRIES>No</REMOVEZEROENTRIES>
            <ISDEEMEDPOSITIVE>No</ISDEEMEDPOSITIVE>
            <LEDGERFROMITEM>No</LEDGERFROMITEM>
            <TAXCLASSIFICATIONNAME/>
            <LEDGERNAME>SALE OF SPARES @4%</LEDGERNAME>
            <AMOUNT>96.15</AMOUNT>
            </ACCOUNTINGALLOCATIONS.LIST>
            <BATCHALLOCATIONS.LIST>
            <TRACKINGNUMBER/>
            <BATCHNAME>Primary Batch</BATCHNAME>
            <GODOWNNAME>Main Location</GODOWNNAME>
            <MFDON>20070401</MFDON>
            <EXPIRYPERIOD/>
            <AMOUNT>96.150</AMOUNT>
            <ACTUALQTY>1.000</ACTUALQTY>
            <BILLEDQTY>1.000</BILLEDQTY>
            <ORDERNO/>
            </BATCHALLOCATIONS.LIST>
            </ALLINVENTORYENTRIES.LIST>
            <LEDGERENTRIES.LIST>
            <REMOVEZEROENTRIES>No</REMOVEZEROENTRIES>
            <ISDEEMEDPOSITIVE>No</ISDEEMEDPOSITIVE>
            <LEDGERFROMITEM>No</LEDGERFROMITEM>
            <LEDGERNAME>VAT OUTPUT 4%</LEDGERNAME>
            <TAXCLASSIFICATIONNAME>Output VAT @ 4%</TAXCLASSIFICATIONNAME>
            <UDF:RATEOFINVOICETAX.LIST DESC="'RATEOFINVOICETAX`" ISLIST="YES">
            <UDF:RATEOFINVOICETAX DESC="`RATEOFINVOICETAX`">4.000</UDF:RATEOFINVOICETAX>
            </UDF:RATEOFINVOICETAX.LIST>
            <AMOUNT>3.85</AMOUNT>
            <VATASSESSABLEVALUE>96.15</VATASSESSABLEVALUE>
            </LEDGERENTRIES.LIST>
            <INVOICEDELNOTES.LIST/>
            </VOUCHER>
            </TALLYMESSAGE>
        </DATA>
    </BODY>
</ENVELOPE>

==================
voucher retrieve
==================
 <ENVELOPE>
    <HEADER>
    <VERSION>1</VERSION>
    <TALLYREQUEST>EXPORT</TALLYREQUEST>
    <TYPE>DATA</TYPE>
    <ID>Voucher Register</ID>
    </HEADER>
    <BODY>
    <DESC>
    <STATICVARIABLES>
    <VoucherTypeName>Sales</VoucherTypeName>
    <SVEXPORTFORMAT>$$SysName:XML</SVEXPORTFORMAT>
    <SVFROMDATE TYPE="Date">20170331</SVFROMDATE>
    <SVTODATE TYPE="Date">20170331</SVTODATE>
    </STATICVARIABLES>
    </DESC>
    </BODY>
    </ENVELOPE>

<?xml version="1.0" encoding="UTF-8"?>
<ENVELOPE>
<HEADER>
<VERSION>1</VERSION>
<TALLYREQUEST>EXPORT</TALLYREQUEST>
<TYPE>Object</TYPE>
<SUBTYPE>VOUCHER</SUBTYPE>
<ID TYPE="Name">ID:{{voucherId}}</ID>
</HEADER>
<BODY>
<DESC>
<STATICVARIABLES>
<SVEXPORTFORMAT>$$SysName:XML</SVEXPORTFORMAT>
<SVCURRENTCOMPANY>{{companyName}}</SVCURRENTCOMPANY>
</STATICVARIABLES>
<FETCHLIST>
    <FETCH>Date</FETCH>
    <FETCH>VoucherTypeName</FETCH>
    <FETCH>VoucherNumber</FETCH>
</FETCHLIST>
</DESC>
</BODY>
</ENVELOPE>

<ENVELOPE>
<HEADER>
<VERSION>1</VERSION>
<TALLYREQUEST>Export</TALLYREQUEST>
<TYPE>Data</TYPE>
<ID>Sales Orders Book</ID>
</HEADER>
<BODY>
<DESC>
<STATICVARIABLES>
<EXPLODEFLAG>Yes</EXPLODEFLAG>
<SVEXPORTFORMAT>$$SysName:XML</SVEXPORTFORMAT>
<SVFROMDATE>01/04/2006</SVFROMDATE>
<SVTODATE>31/03/2013</SVTODATE>
</STATICVARIABLES>
<TDL>
<TDLMESSAGE>
<REPORT NAME="Sales Orders Book">
</REPORT>
</TDLMESSAGE>
</TDL>
</DESC>
</BODY>
</ENVELOPE>

====
===
<ENVELOPE>
<HEADER>
<VERSION>1</VERSION>
<TALLYREQUEST>Export</TALLYREQUEST>
<TYPE>Data</TYPE>
<ID>Sales Orders Book</ID>
</HEADER>
<BODY>
<DESC>
<STATICVARIABLES>
<EXPLODEFLAG>Yes</EXPLODEFLAG>
<SVEXPORTFORMAT>$$SysName:XML</SVEXPORTFORMAT>
<SVFROMDATE>01/04/2006</SVFROMDATE>
<SVTODATE>31/03/2013</SVTODATE>
</STATICVARIABLES>
<TDL>
<TDLMESSAGE>
<REPORT NAME="Sales Orders Book">
</REPORT>
</TDLMESSAGE>
</TDL>
</DESC>
</BODY>
</ENVELOPE>

TDL:
[#Report: Sales Orders Book]
      Form    : Day Book


========
voucher book
=========
<ENVELOPE>
<HEADER>
<VERSION>1</VERSION>
<TALLYREQUEST>EXPORT</TALLYREQUEST>
<TYPE>DATA</TYPE>
<ID>Voucher Register</ID>
</HEADER>
<BODY>
<DESC>
<STATICVARIABLES>
<VoucherTypeName>Sales Order</VoucherTypeName>
<SVEXPORTFORMAT>$$SysName:XML</SVEXPORTFORMAT>
</STATICVARIABLES>
</DESC>
</BODY>
</ENVELOPE>

===============
Stock Item
===============
 <ENVELOPE>
    <HEADER>
        <VERSION>1</VERSION>
        <TALLYREQUEST>EXPORT</TALLYREQUEST>
        <TYPE>COLLECTION</TYPE>
        <ID>Collection of Ledgers</ID>
    </HEADER>
    <BODY>
        <DESC>
            <STATICVARIABLES>
                <SVCURRENTCOMPANY>M.Bharatkumar 2017-18</SVCURRENTCOMPANY>
            </STATICVARIABLES>
            <TDL>
                <TDLMESSAGE>
                    <COLLECTION NAME="Collection of Ledgers" ISMODIFY="No" ISFIXED="No" ISINITIALIZE="No" ISOPTION="No" ISINTERNAL="No">
                        <TYPE>Stock Item</TYPE>
                        <NATIVEMETHOD>NAME</NATIVEMETHOD>
                        <NATIVEMETHOD>ADDITIONALNAME</NATIVEMETHOD>
                        <NATIVEMETHOD>ALIAS</NATIVEMETHOD>
                        <NATIVEMETHOD>PartNO</NATIVEMETHOD>
                        <NATIVEMETHOD>parent</NATIVEMETHOD>
                        <NATIVEMETHOD>BaseUnits</NATIVEMETHOD>
                        <NATIVEMETHOD>AdditionalUnits</NATIVEMETHOD>
                        <NATIVEMETHOD>Conversion</NATIVEMETHOD>
                        <NATIVEMETHOD>Denominator</NATIVEMETHOD>
                        <NATIVEMETHOD>IsBatchwiseon</NATIVEMETHOD>
                        <NATIVEMETHOD>CostingMethod</NATIVEMETHOD>
                        <NATIVEMETHOD>ValuationMethod</NATIVEMETHOD>
                        <NATIVEMETHOD>StockGroup</NATIVEMETHOD>
                        <NATIVEMETHOD>OPENINGBALANCE</NATIVEMETHOD>
                        <NATIVEMETHOD>CLOSINGBALANCE</NATIVEMETHOD>
                        <NATIVEMETHOD>OPENINGVALUE</NATIVEMETHOD>
                        <NATIVEMETHOD>CLOSINGVALUE</NATIVEMETHOD>
                        <NATIVEMETHOD>OPENINGRATE</NATIVEMETHOD>
                        <NATIVEMETHOD>CLOSINGRATE</NATIVEMETHOD>
                        <NATIVEMETHOD>FULLPRICELIST</NATIVEMETHOD>
                        <FILTER>MYFILTER</FILTER>
                    </COLLECTION>
                   <SYSTEM TYPE="Formulae" NAME="MYFILTER" ISMOIFY="NO" ISFIXED="NO" ISINTERNAL="NO">$NAME = "Cambric 60 Fabrics 26045"</SYSTEM>
                </TDLMESSAGE>
            </TDL>
        </DESC>
    </BODY>
</ENVELOPE>

=====================
 Stock Group Request
======================
<ENVELOPE>
    <HEADER>
        <VERSION>1</VERSION>
        <TALLYREQUEST>EXPORT</TALLYREQUEST>
        <TYPE>COLLECTION</TYPE>
        <ID>Collection of Ledgers</ID>
    </HEADER>
    <BODY>
        <DESC>
            <STATICVARIABLES>
                <SVCURRENTCOMPANY>M.Bharatkumar 2017-18</SVCURRENTCOMPANY>
            </STATICVARIABLES>
            <TDL>
                <TDLMESSAGE>
                    <COLLECTION NAME="Collection of Ledgers" ISMODIFY="No" ISFIXED="No" ISINITIALIZE="No" ISOPTION="No" ISINTERNAL="No">
                        <TYPE>Stock Group</TYPE>
                        <NATIVEMETHOD>NAME</NATIVEMETHOD>
                        <NATIVEMETHOD>parent</NATIVEMETHOD>
                        <NATIVEMETHOD>BaseUnits</NATIVEMETHOD>
                        <NATIVEMETHOD>AdditionalUnits</NATIVEMETHOD>
                        <NATIVEMETHOD>Conversion</NATIVEMETHOD>
                        <NATIVEMETHOD>Denominator</NATIVEMETHOD>
                        <NATIVEMETHOD>IsBatchwiseon</NATIVEMETHOD>
                        <NATIVEMETHOD>CostingMethod</NATIVEMETHOD>
                        <NATIVEMETHOD>ValuationMethod</NATIVEMETHOD>
                        <NATIVEMETHOD>StockGroup</NATIVEMETHOD>
                    </COLLECTION>
                </TDLMESSAGE>
            </TDL>
        </DESC>
    </BODY>
</ENVELOPE>

========
Stock summary
========
<ENVELOPE>
<HEADER>
<TALLYREQUEST>Export Data</TALLYREQUEST>
</HEADER>
<BODY>
<EXPORTDATA>
 <REQUESTDESC>
 <REPORTNAME>Stock Summary</REPORTNAME>
  <STATICVARIABLES>
    <SVCURRENTCOMPANY>M.Bharatkumar 2017-18</SVCURRENTCOMPANY>                       
    <SVEXPORTFORMAT>$$SysName:XML</SVEXPORTFORMAT>
    <SVFROMDATE>01-Apr-2015</SVFROMDATE>
    <SVTODATE>31-May-2015</SVTODATE>
   <EXPLODEFLAG>Yes</EXPLODEFLAG>
  </STATICVARIABLES>
 </REQUESTDESC>
</EXPORTDATA>
</BODY>
</ENVELOPE>

<STOCKGROUP NAME="0061 Cutpiece Pcs 2016" RESERVEDNAME="">
     <PARENT TYPE="String">&#4; Primary</PARENT>
     <COSTINGMETHOD TYPE="String">Avg. Cost</COSTINGMETHOD>
     <VALUATIONMETHOD TYPE="String">Avg. Price</VALUATIONMETHOD>
     <BASEUNITS TYPE="String">Pcs</BASEUNITS>
     <ADDITIONALUNITS TYPE="String">&#4; Not Applicable</ADDITIONALUNITS>
     <ISBATCHWISEON TYPE="Logical">No</ISBATCHWISEON>
     <DENOMINATOR TYPE="Number">0</DENOMINATOR>
     <CONVERSION TYPE="Number">0</CONVERSION>
     <LANGUAGENAME.LIST>
      <NAME.LIST TYPE="String">
       <NAME>0061 Cutpiece Pcs 2016</NAME>
      </NAME.LIST>
      <LANGUAGEID TYPE="Number"> 1033</LANGUAGEID>
     </LANGUAGENAME.LIST>
    </STOCKGROUP>
    <STOCKGROUP NAME="006 Towelling" RESERVEDNAME="">
     <PARENT TYPE="String">&#4; Primary</PARENT>
     <COSTINGMETHOD TYPE="String">Avg. Cost</COSTINGMETHOD>
     <VALUATIONMETHOD TYPE="String">Avg. Price</VALUATIONMETHOD>
     <BASEUNITS TYPE="String">Mtr</BASEUNITS>
     <ADDITIONALUNITS TYPE="String">&#4; Not Applicable</ADDITIONALUNITS>
     <ISBATCHWISEON TYPE="Logical">Yes</ISBATCHWISEON>
     <DENOMINATOR TYPE="Number">0</DENOMINATOR>
     <CONVERSION TYPE="Number">0</CONVERSION>
     <LANGUAGENAME.LIST>
      <NAME.LIST TYPE="String">
       <NAME>006 Towelling</NAME>
      </NAME.LIST>
      <LANGUAGEID TYPE="Number"> 1033</LANGUAGEID>
     </LANGUAGENAME.LIST>
    </STOCKGROUP>

=====
Error Handling
====
<ENVELOPE>
<HEADER>
<VERSION>1</VERSION>
<STATUS>0</STATUS>
 </HEADER>
<BODY>
<DATA>
<LINEERROR>No Valid Names!</LINEERROR>
<CREATED>0</CREATED>
<ALTERED>0</ALTERED>
<DELETED>0</DELETED>
<LASTVCHID>0</LASTVCHID>
<LASTMID>0</LASTMID>
<COMBINED>0</COMBINED>
<IGNORED>0</IGNORED>
<ERRORS>1</ERRORS>
<CANCELLED>0</CANCELLED>
<DESC>
<CMPINFO>
<COMPANY>0</COMPANY>
<GROUP>0</GROUP>
<LEDGER>0</LEDGER>
<COSTCATEGORY>0</COSTCATEGORY>
<COSTCENTRE>0</COSTCENTRE>
<GODOWN>0</GODOWN>
<STOCKGROUP>0</STOCKGROUP>
<STOCKCATEGORY>0</STOCKCATEGORY>
<STOCKITEM>0</STOCKITEM>
<VOUCHERTYPE>0</VOUCHERTYPE>
<CURRENCY>0</CURRENCY>
<UNIT>0</UNIT>
<BUDGET>0</BUDGET>
<CLIENTRULE>0</CLIENTRULE>
<SERVERRULE>0</SERVERRULE>
<STATE>0</STATE>
<TDSRATE>0</TDSRATE>
<TAXCLASSIFICATION>0</TAXCLASSIFICATION>
<STCATEGORY>0</STCATEGORY>
<DEDUCTEETYPE>0</DEDUCTEETYPE>
<ATTENDANCETYPE>0</ATTENDANCETYPE>
<FBTCATEGORY>0</FBTCATEGORY>
<FBTASSESSEETYPE>0</FBTASSESSEETYPE>
<TARIFFCLASSIFICATION>0</TARIFFCLASSIFICATION>
<EXCISEDUTYCLASSIFICATION>0</EXCISEDUTYCLASSIFICATION>
<SERIALNUMBER>0</SERIALNUMBER>
<ADJUSTMENTCLASSIFICATION>0</ADJUSTMENTCLASSIFICATION>
<INCOMETAXSLAB>0</INCOMETAXSLAB>
<INCOMETAXCLASSIFICATION>0</INCOMETAXCLASSIFICATION>
<LBTCLASSIFICATION>0</LBTCLASSIFICATION>
<TAXUNIT>0</TAXUNIT>
<RETURNMASTER>0</RETURNMASTER>
<GSTCLASSIFICATION>0</GSTCLASSIFICATION>
<VOUCHER>0</VOUCHER>
 </CMPINFO>
<EXPSUMDATA>
<EXPSUMID>0</EXPSUMID>
</EXPSUMDATA>
 </DESC>
 </DATA>
</BODY>
 </ENVELOPE>
===
TDL
===
In order to enable logical (1/0) custom field only in Sundry Debtors.

[#Part : LED Other Details] 
   Option : CustomeLEDOtherDetailsPrt : $$IsGroupSundryDebtors:$Parent
[!Part : CustomeLEDOtherDetailsPrt]
     Add: Lines: IsFavorite